alert_type,trader_id,symbol,cancel_count,total_orders,cancel_rate,match_count,trader_id_1,trader_id_2,window_start,window_end,detected_at
SPOOFING,spoofer_002,TSLA,28,33,0.8484848484848485,,,,2026-04-14 20:47:30,2026-04-14 20:49:30,2026-04-14 20:49:52
SPOOFING,spoofer_003,BINANCE:BTCUSDT,31,36,0.8611111111111112,,,,2026-04-14 20:47:30,2026-04-14 20:49:30,2026-04-14 20:49:52
SPOOFING,spoofer_002,TSLA,49,58,0.8448275862068966,,,,2026-04-14 20:47:00,2026-04-14 20:49:00,2026-04-14 20:49:10
SPOOFING,spoofer_003,BINANCE:BTCUSDT,33,39,0.8461538461538461,,,,2026-04-14 20:47:00,2026-04-14 20:49:00,2026-04-14 20:49:10
SPOOFING,spoofer_002,TSLA,36,43,0.8372093023255814,,,,2026-04-14 20:46:30,2026-04-14 20:48:30,2026-04-14 20:48:45
SPOOFING,spoofer_001,AAPL,21,25,0.84,,,,2026-04-14 20:46:30,2026-04-14 20:48:30,2026-04-14 20:48:45
SPOOFING,spoofer_003,BINANCE:BTCUSDT,31,38,0.8157894736842105,,,,2026-04-14 20:46:30,2026-04-14 20:48:30,2026-04-14 20:48:45
SPOOFING,spoofer_002,TSLA,29,35,0.8285714285714286,,,,2026-04-14 20:46:00,2026-04-14 20:48:00,2026-04-14 20:48:45
SPOOFING,spoofer_003,BINANCE:BTCUSDT,42,51,0.8235294117647058,,,,2026-04-14 20:46:00,2026-04-14 20:48:00,2026-04-14 20:48:45
SPOOFING,spoofer_001,AAPL,25,30,0.8333333333333334,,,,2026-04-14 20:46:00,2026-04-14 20:48:00,2026-04-14 20:48:45
SPOOFING,spoofer_003,BINANCE:BTCUSDT,36,44,0.8181818181818182,,,,2026-04-14 20:45:30,2026-04-14 20:47:30,2026-04-14 20:47:56
SPOOFING,spoofer_002,TSLA,24,29,0.8275862068965517,,,,2026-04-14 20:45:30,2026-04-14 20:47:30,2026-04-14 20:47:56
SPOOFING,spoofer_001,AAPL,25,30,0.8333333333333334,,,,2026-04-14 20:45:30,2026-04-14 20:47:30,2026-04-14 20:47:56
SPOOFING,spoofer_001,AAPL,20,24,0.8333333333333334,,,,2026-04-14 20:45:00,2026-04-14 20:47:00,2026-04-14 20:47:15
SPOOFING,spoofer_003,BINANCE:BTCUSDT,28,34,0.8235294117647058,,,,2026-04-14 20:45:00,2026-04-14 20:47:00,2026-04-14 20:47:15
SPOOFING,spoofer_003,BINANCE:BTCUSDT,17,20,0.85,,,,2026-04-14 20:44:30,2026-04-14 20:46:30,2026-04-14 20:47:15
SPOOFING,spoofer_001,AAPL,22,27,0.8148148148148148,,,,2026-04-14 20:44:00,2026-04-14 20:46:00,2026-04-14 20:46:20
SPOOFING,spoofer_001,AAPL,22,27,0.8148148148148148,,,,2026-04-14 20:43:30,2026-04-14 20:45:30,2026-04-14 20:46:20
SPOOFING,spoofer_003,BINANCE:BTCUSDT,13,16,0.8125,,,,2026-04-14 20:43:00,2026-04-14 20:45:00,2026-04-14 20:46:20
SPOOFING,spoofer_001,AAPL,22,27,0.8148148148148148,,,,2026-04-14 20:43:00,2026-04-14 20:45:00,2026-04-14 20:46:20
SPOOFING,spoofer_002,TSLA,20,23,0.8695652173913043,,,,2026-04-14 20:43:00,2026-04-14 20:45:00,2026-04-14 20:46:20
SPOOFING,spoofer_002,TSLA,15,17,0.8823529411764706,,,,2026-04-14 20:42:30,2026-04-14 20:44:30,2026-04-14 20:44:40
SPOOFING,spoofer_001,AAPL,14,17,0.8235294117647058,,,,2026-04-14 20:42:30,2026-04-14 20:44:30,2026-04-14 20:44:40
SPOOFING,spoofer_003,BINANCE:BTCUSDT,13,16,0.8125,,,,2026-04-14 20:42:00,2026-04-14 20:44:00,2026-04-14 20:44:33
SPOOFING,spoofer_002,TSLA,15,17,0.8823529411764706,,,,2026-04-14 20:42:00,2026-04-14 20:44:00,2026-04-14 20:44:33
SPOOFING,spoofer_002,TSLA,15,17,0.8823529411764706,,,,2026-04-14 20:41:30,2026-04-14 20:43:30,2026-04-14 20:44:33
SPOOFING,spoofer_003,BINANCE:BTCUSDT,19,23,0.8260869565217391,,,,2026-04-14 20:41:30,2026-04-14 20:43:30,2026-04-14 20:44:33
SPOOFING,spoofer_003,BINANCE:BTCUSDT,12,14,0.8571428571428571,,,,2026-04-14 20:41:00,2026-04-14 20:43:00,2026-04-14 20:43:07
SPOOFING,spoofer_003,BINANCE:BTCUSDT,16,19,0.8421052631578947,,,,2026-04-14 20:40:30,2026-04-14 20:42:30,2026-04-14 20:43:07
SPOOFING,spoofer_002,TSLA,28,33,0.8484848484848485,,,,2026-04-14 20:37:00,2026-04-14 20:39:00,2026-04-14 20:39:17
SPOOFING,spoofer_002,TSLA,28,33,0.8484848484848485,,,,2026-04-14 20:36:30,2026-04-14 20:38:30,2026-04-14 20:39:17
SPOOFING,spoofer_002,TSLA,28,33,0.8484848484848485,,,,2026-04-14 20:36:00,2026-04-14 20:38:00,2026-04-14 20:39:17
SPOOFING,spoofer_002,TSLA,28,33,0.8484848484848485,,,,2026-04-14 20:35:30,2026-04-14 20:37:30,2026-04-14 20:39:17
SPOOFING,spoofer_003,BINANCE:BTCUSDT,23,28,0.8214285714285714,,,,2026-04-14 20:33:00,2026-04-14 20:35:00,2026-04-14 20:35:14
SPOOFING,spoofer_003,BINANCE:BTCUSDT,44,53,0.8301886792452831,,,,2026-04-14 20:32:30,2026-04-14 20:34:30,2026-04-14 20:35:01
SPOOFING,spoofer_001,AAPL,19,23,0.8260869565217391,,,,2026-04-14 20:32:30,2026-04-14 20:34:30,2026-04-14 20:35:01
SPOOFING,spoofer_001,AAPL,19,23,0.8260869565217391,,,,2026-04-14 20:32:00,2026-04-14 20:34:00,2026-04-14 20:35:01
SPOOFING,spoofer_003,BINANCE:BTCUSDT,44,53,0.8301886792452831,,,,2026-04-14 20:32:00,2026-04-14 20:34:00,2026-04-14 20:35:01
SPOOFING,spoofer_002,TSLA,39,48,0.8125,,,,2026-04-14 20:32:00,2026-04-14 20:34:00,2026-04-14 20:35:01
SPOOFING,spoofer_001,AAPL,19,23,0.8260869565217391,,,,2026-04-14 20:31:30,2026-04-14 20:33:30,2026-04-14 20:35:01
SPOOFING,spoofer_003,BINANCE:BTCUSDT,44,53,0.8301886792452831,,,,2026-04-14 20:31:30,2026-04-14 20:33:30,2026-04-14 20:35:01
SPOOFING,spoofer_002,TSLA,39,48,0.8125,,,,2026-04-14 20:31:30,2026-04-14 20:33:30,2026-04-14 20:35:01
SPOOFING,spoofer_003,BINANCE:BTCUSDT,21,25,0.84,,,,2026-04-14 20:31:00,2026-04-14 20:33:00,2026-04-14 20:33:17
SPOOFING,spoofer_001,AAPL,15,18,0.8333333333333334,,,,2026-04-14 20:31:00,2026-04-14 20:33:00,2026-04-14 20:33:17
SPOOFING,spoofer_002,TSLA,22,26,0.8461538461538461,,,,2026-04-14 20:31:00,2026-04-14 20:33:00,2026-04-14 20:33:17
SPOOFING,spoofer_002,TSLA,21,25,0.84,,,,2026-04-14 20:30:30,2026-04-14 20:32:30,2026-04-14 20:32:38
SPOOFING,spoofer_002,TSLA,14,17,0.8235294117647058,,,,2026-04-14 20:30:00,2026-04-14 20:32:00,2026-04-14 20:32:31
SPOOFING,spoofer_002,TSLA,14,17,0.8235294117647058,,,,2026-04-14 20:29:30,2026-04-14 20:31:30,2026-04-14 20:32:31
SPOOFING,spoofer_002,TSLA,20,24,0.8333333333333334,,,,2026-04-14 20:29:00,2026-04-14 20:31:00,2026-04-14 20:32:31
SPOOFING,spoofer_002,TSLA,20,24,0.8333333333333334,,,,2026-04-14 20:28:30,2026-04-14 20:30:30,2026-04-14 20:30:44
SPOOFING,spoofer_002,TSLA,25,30,0.8333333333333334,,,,2026-04-14 20:28:00,2026-04-14 20:30:00,2026-04-14 20:30:44
SPOOFING,spoofer_001,AAPL,12,14,0.8571428571428571,,,,2026-04-14 20:28:00,2026-04-14 20:30:00,2026-04-14 20:30:44
SPOOFING,spoofer_001,AAPL,12,14,0.8571428571428571,,,,2026-04-14 20:27:30,2026-04-14 20:29:30,2026-04-14 20:30:44
SPOOFING,spoofer_002,TSLA,32,38,0.8421052631578947,,,,2026-04-14 20:27:30,2026-04-14 20:29:30,2026-04-14 20:30:44
SPOOFING,spoofer_003,BINANCE:BTCUSDT,18,22,0.8181818181818182,,,,2026-04-14 20:27:30,2026-04-14 20:29:30,2026-04-14 20:30:44
SPOOFING,spoofer_002,TSLA,33,41,0.8048780487804879,,,,2026-04-14 20:27:00,2026-04-14 20:29:00,2026-04-14 20:30:44
SPOOFING,spoofer_001,AAPL,17,21,0.8095238095238095,,,,2026-04-14 20:27:00,2026-04-14 20:29:00,2026-04-14 20:30:44
SPOOFING,spoofer_003,BINANCE:BTCUSDT,35,42,0.8333333333333334,,,,2026-04-14 20:27:00,2026-04-14 20:29:00,2026-04-14 20:30:44
SPOOFING,spoofer_002,TSLA,38,47,0.8085106382978723,,,,2026-04-14 20:26:30,2026-04-14 20:28:30,2026-04-14 20:28:47
SPOOFING,spoofer_003,BINANCE:BTCUSDT,31,37,0.8378378378378378,,,,2026-04-14 20:26:30,2026-04-14 20:28:30,2026-04-14 20:28:47
SPOOFING,spoofer_002,TSLA,33,41,0.8048780487804879,,,,2026-04-14 20:26:00,2026-04-14 20:28:00,2026-04-14 20:28:47
SPOOFING,spoofer_003,BINANCE:BTCUSDT,31,37,0.8378378378378378,,,,2026-04-14 20:26:00,2026-04-14 20:28:00,2026-04-14 20:28:47
SPOOFING,spoofer_002,TSLA,49,61,0.8032786885245902,,,,2026-04-14 20:25:30,2026-04-14 20:27:30,2026-04-14 20:28:47
SPOOFING,spoofer_003,BINANCE:BTCUSDT,45,54,0.8333333333333334,,,,2026-04-14 20:25:30,2026-04-14 20:27:30,2026-04-14 20:28:47
SPOOFING,spoofer_002,TSLA,56,68,0.8235294117647058,,,,2026-04-14 20:25:00,2026-04-14 20:27:00,2026-04-14 20:27:11
SPOOFING,spoofer_003,BINANCE:BTCUSDT,39,48,0.8125,,,,2026-04-14 20:25:00,2026-04-14 20:27:00,2026-04-14 20:27:11
SPOOFING,spoofer_002,TSLA,37,45,0.8222222222222222,,,,2026-04-14 20:24:30,2026-04-14 20:26:30,2026-04-14 20:26:52
SPOOFING,spoofer_003,BINANCE:BTCUSDT,32,39,0.8205128205128205,,,,2026-04-14 20:24:30,2026-04-14 20:26:30,2026-04-14 20:26:52
SPOOFING,spoofer_002,TSLA,44,53,0.8301886792452831,,,,2026-04-14 20:24:00,2026-04-14 20:26:00,2026-04-14 20:26:52
SPOOFING,spoofer_003,BINANCE:BTCUSDT,32,39,0.8205128205128205,,,,2026-04-14 20:24:00,2026-04-14 20:26:00,2026-04-14 20:26:52
SPOOFING,spoofer_002,TSLA,21,25,0.84,,,,2026-04-14 20:23:30,2026-04-14 20:25:30,2026-04-14 20:25:41
SPOOFING,spoofer_003,BINANCE:BTCUSDT,12,14,0.8571428571428571,,,,2026-04-14 20:22:30,2026-04-14 20:24:30,2026-04-14 20:25:10
SPOOFING,spoofer_002,TSLA,15,18,0.8333333333333334,,,,2026-04-14 20:22:30,2026-04-14 20:24:30,2026-04-14 20:25:10
SPOOFING,spoofer_001,AAPL,13,16,0.8125,,,,2026-04-14 20:22:00,2026-04-14 20:24:00,2026-04-14 20:25:10
SPOOFING,spoofer_003,BINANCE:BTCUSDT,22,26,0.8461538461538461,,,,2026-04-14 20:22:00,2026-04-14 20:24:00,2026-04-14 20:25:10
SPOOFING,spoofer_002,TSLA,20,24,0.8333333333333334,,,,2026-04-14 20:22:00,2026-04-14 20:24:00,2026-04-14 20:25:10
SPOOFING,spoofer_002,TSLA,20,24,0.8333333333333334,,,,2026-04-14 20:21:30,2026-04-14 20:23:30,2026-04-14 20:25:10
SPOOFING,spoofer_001,AAPL,13,16,0.8125,,,,2026-04-14 20:21:30,2026-04-14 20:23:30,2026-04-14 20:25:10
SPOOFING,spoofer_003,BINANCE:BTCUSDT,22,26,0.8461538461538461,,,,2026-04-14 20:21:30,2026-04-14 20:23:30,2026-04-14 20:25:10
SPOOFING,spoofer_002,TSLA,18,21,0.8571428571428571,,,,2026-04-14 20:21:00,2026-04-14 20:23:00,2026-04-14 20:25:10
SPOOFING,spoofer_003,BINANCE:BTCUSDT,22,26,0.8461538461538461,,,,2026-04-14 20:21:00,2026-04-14 20:23:00,2026-04-14 20:25:10
SPOOFING,spoofer_001,AAPL,13,16,0.8125,,,,2026-04-14 20:21:00,2026-04-14 20:23:00,2026-04-14 20:25:10
SPOOFING,spoofer_003,BINANCE:BTCUSDT,21,25,0.84,,,,2026-04-14 20:20:30,2026-04-14 20:22:30,2026-04-14 20:23:04
SPOOFING,spoofer_002,TSLA,44,53,0.8301886792452831,,,,2026-04-14 20:20:30,2026-04-14 20:22:30,2026-04-14 20:23:04
SPOOFING,spoofer_002,TSLA,40,49,0.8163265306122449,,,,2026-04-14 20:20:00,2026-04-14 20:22:00,2026-04-14 20:22:09
SPOOFING,spoofer_003,BINANCE:BTCUSDT,42,51,0.8235294117647058,,,,2026-04-14 20:20:00,2026-04-14 20:22:00,2026-04-14 20:22:09
SPOOFING,spoofer_002,TSLA,53,64,0.828125,,,,2026-04-14 20:19:30,2026-04-14 20:21:30,2026-04-14 20:22:09
SPOOFING,spoofer_003,BINANCE:BTCUSDT,63,76,0.8289473684210527,,,,2026-04-14 20:19:30,2026-04-14 20:21:30,2026-04-14 20:22:09
SPOOFING,spoofer_001,AAPL,21,26,0.8076923076923077,,,,2026-04-14 20:19:30,2026-04-14 20:21:30,2026-04-14 20:22:09
SPOOFING,spoofer_002,TSLA,62,75,0.8266666666666667,,,,2026-04-14 20:19:00,2026-04-14 20:21:00,2026-04-14 20:22:09
SPOOFING,spoofer_003,BINANCE:BTCUSDT,71,86,0.8255813953488372,,,,2026-04-14 20:19:00,2026-04-14 20:21:00,2026-04-14 20:22:09
SPOOFING,spoofer_003,BINANCE:BTCUSDT,66,80,0.825,,,,2026-04-14 20:18:30,2026-04-14 20:20:30,2026-04-14 20:20:43
SPOOFING,spoofer_002,TSLA,30,36,0.8333333333333334,,,,2026-04-14 20:18:30,2026-04-14 20:20:30,2026-04-14 20:20:43
SPOOFING,spoofer_003,BINANCE:BTCUSDT,39,47,0.8297872340425532,,,,2026-04-14 20:18:00,2026-04-14 20:20:00,2026-04-14 20:20:33
SPOOFING,spoofer_002,TSLA,32,38,0.8421052631578947,,,,2026-04-14 20:18:00,2026-04-14 20:20:00,2026-04-14 20:20:33
SPOOFING,spoofer_002,TSLA,27,33,0.8181818181818182,,,,2026-04-14 20:17:30,2026-04-14 20:19:30,2026-04-14 20:19:43
SPOOFING,spoofer_003,BINANCE:BTCUSDT,35,43,0.813953488372093,,,,2026-04-14 20:17:30,2026-04-14 20:19:30,2026-04-14 20:19:43
SPOOFING,spoofer_002,TSLA,18,22,0.8181818181818182,,,,2026-04-14 20:17:00,2026-04-14 20:19:00,2026-04-14 20:19:11
SPOOFING,spoofer_003,BINANCE:BTCUSDT,21,26,0.8076923076923077,,,,2026-04-14 20:17:00,2026-04-14 20:19:00,2026-04-14 20:19:11
SPOOFING,spoofer_002,TSLA,18,22,0.8181818181818182,,,,2026-04-14 20:16:30,2026-04-14 20:18:30,2026-04-14 20:19:11
SPOOFING,spoofer_003,BINANCE:BTCUSDT,32,39,0.8205128205128205,,,,2026-04-14 20:16:30,2026-04-14 20:18:30,2026-04-14 20:19:11
SPOOFING,spoofer_002,TSLA,17,21,0.8095238095238095,,,,2026-04-14 20:16:00,2026-04-14 20:18:00,2026-04-14 20:18:10
SPOOFING,spoofer_001,AAPL,15,18,0.8333333333333334,,,,2026-04-14 20:16:00,2026-04-14 20:18:00,2026-04-14 20:18:10
SPOOFING,spoofer_003,BINANCE:BTCUSDT,45,54,0.8333333333333334,,,,2026-04-14 20:16:00,2026-04-14 20:18:00,2026-04-14 20:18:10
SPOOFING,spoofer_003,BINANCE:BTCUSDT,28,33,0.8484848484848485,,,,2026-04-14 20:15:30,2026-04-14 20:17:30,2026-04-14 20:17:40
SPOOFING,spoofer_001,AAPL,12,14,0.8571428571428571,,,,2026-04-14 20:15:30,2026-04-14 20:17:30,2026-04-14 20:17:40
SPOOFING,spoofer_003,BINANCE:BTCUSDT,28,33,0.8484848484848485,,,,2026-04-14 20:15:00,2026-04-14 20:17:00,2026-04-14 20:17:40
SPOOFING,spoofer_001,AAPL,12,14,0.8571428571428571,,,,2026-04-14 20:15:00,2026-04-14 20:17:00,2026-04-14 20:17:40
SPOOFING,spoofer_003,BINANCE:BTCUSDT,17,20,0.85,,,,2026-04-14 20:14:30,2026-04-14 20:16:30,2026-04-14 20:17:40
SPOOFING,spoofer_001,AAPL,12,14,0.8571428571428571,,,,2026-04-14 20:14:30,2026-04-14 20:16:30,2026-04-14 20:17:40
SPOOFING,spoofer_002,TSLA,17,21,0.8095238095238095,,,,2026-04-14 20:14:00,2026-04-14 20:16:00,2026-04-14 20:16:21
SPOOFING,spoofer_001,AAPL,24,29,0.8275862068965517,,,,2026-04-14 20:14:00,2026-04-14 20:16:00,2026-04-14 20:16:21
SPOOFING,spoofer_003,BINANCE:BTCUSDT,15,17,0.8823529411764706,,,,2026-04-14 20:14:00,2026-04-14 20:16:00,2026-04-14 20:16:21
SPOOFING,spoofer_003,BINANCE:BTCUSDT,39,45,0.8666666666666667,,,,2026-04-14 20:13:30,2026-04-14 20:15:30,2026-04-14 20:16:21
SPOOFING,spoofer_002,TSLA,25,30,0.8333333333333334,,,,2026-04-14 20:13:30,2026-04-14 20:15:30,2026-04-14 20:16:21
SPOOFING,spoofer_001,AAPL,32,39,0.8205128205128205,,,,2026-04-14 20:13:30,2026-04-14 20:15:30,2026-04-14 20:16:21
SPOOFING,spoofer_002,TSLA,25,30,0.8333333333333334,,,,2026-04-14 20:13:00,2026-04-14 20:15:00,2026-04-14 20:16:21
SPOOFING,spoofer_003,BINANCE:BTCUSDT,46,53,0.8679245283018868,,,,2026-04-14 20:13:00,2026-04-14 20:15:00,2026-04-14 20:16:21
SPOOFING,spoofer_001,AAPL,40,48,0.8333333333333334,,,,2026-04-14 20:13:00,2026-04-14 20:15:00,2026-04-14 20:16:21
SPOOFING,spoofer_003,BINANCE:BTCUSDT,46,53,0.8679245283018868,,,,2026-04-14 20:12:30,2026-04-14 20:14:30,2026-04-14 20:16:21
SPOOFING,spoofer_001,AAPL,40,48,0.8333333333333334,,,,2026-04-14 20:12:30,2026-04-14 20:14:30,2026-04-14 20:16:21
SPOOFING,spoofer_002,TSLA,23,27,0.8518518518518519,,,,2026-04-14 20:12:30,2026-04-14 20:14:30,2026-04-14 20:16:21
SPOOFING,spoofer_003,BINANCE:BTCUSDT,31,36,0.8611111111111112,,,,2026-04-14 20:12:00,2026-04-14 20:14:00,2026-04-14 20:16:21
SPOOFING,spoofer_002,TSLA,26,31,0.8387096774193549,,,,2026-04-14 20:12:00,2026-04-14 20:14:00,2026-04-14 20:16:21
SPOOFING,spoofer_001,AAPL,16,19,0.8421052631578947,,,,2026-04-14 20:12:00,2026-04-14 20:14:00,2026-04-14 20:16:21
SPOOFING,spoofer_002,TSLA,18,22,0.8181818181818182,,,,2026-04-14 20:11:30,2026-04-14 20:13:30,2026-04-14 20:13:41
SPOOFING,spoofer_002,TSLA,18,22,0.8181818181818182,,,,2026-04-14 20:11:00,2026-04-14 20:13:00,2026-04-14 20:13:41
SPOOFING,spoofer_002,TSLA,22,27,0.8148148148148148,,,,2026-04-14 20:10:30,2026-04-14 20:12:30,2026-04-14 20:13:41
SPOOFING,spoofer_001,AAPL,13,16,0.8125,,,,2026-04-14 20:10:30,2026-04-14 20:12:30,2026-04-14 20:13:41
SPOOFING,spoofer_003,BINANCE:BTCUSDT,23,27,0.8518518518518519,,,,2026-04-14 20:10:30,2026-04-14 20:12:30,2026-04-14 20:13:41
SPOOFING,spoofer_001,AAPL,17,21,0.8095238095238095,,,,2026-04-14 20:10:00,2026-04-14 20:12:00,2026-04-14 20:12:14
SPOOFING,spoofer_002,TSLA,28,34,0.8235294117647058,,,,2026-04-14 20:10:00,2026-04-14 20:12:00,2026-04-14 20:12:14
SPOOFING,spoofer_003,BINANCE:BTCUSDT,57,67,0.8507462686567164,,,,2026-04-14 20:10:00,2026-04-14 20:12:00,2026-04-14 20:12:14
SPOOFING,spoofer_001,AAPL,25,30,0.8333333333333334,,,,2026-04-14 20:09:30,2026-04-14 20:11:30,2026-04-14 20:12:14
SPOOFING,spoofer_003,BINANCE:BTCUSDT,77,91,0.8461538461538461,,,,2026-04-14 20:09:30,2026-04-14 20:11:30,2026-04-14 20:12:14
SPOOFING,spoofer_002,TSLA,48,58,0.8275862068965517,,,,2026-04-14 20:09:30,2026-04-14 20:11:30,2026-04-14 20:12:14
SPOOFING,spoofer_001,AAPL,31,37,0.8378378378378378,,,,2026-04-14 20:09:00,2026-04-14 20:11:00,2026-04-14 20:12:14
SPOOFING,spoofer_003,BINANCE:BTCUSDT,83,99,0.8383838383838383,,,,2026-04-14 20:09:00,2026-04-14 20:11:00,2026-04-14 20:12:14
SPOOFING,spoofer_002,TSLA,67,81,0.8271604938271605,,,,2026-04-14 20:09:00,2026-04-14 20:11:00,2026-04-14 20:12:14
SPOOFING,spoofer_002,TSLA,63,76,0.8289473684210527,,,,2026-04-14 20:08:30,2026-04-14 20:10:30,2026-04-14 20:10:45
SPOOFING,spoofer_001,AAPL,18,21,0.8571428571428571,,,,2026-04-14 20:08:30,2026-04-14 20:10:30,2026-04-14 20:10:45
SPOOFING,spoofer_003,BINANCE:BTCUSDT,60,72,0.8333333333333334,,,,2026-04-14 20:08:30,2026-04-14 20:10:30,2026-04-14 20:10:45
SPOOFING,spoofer_003,BINANCE:BTCUSDT,26,32,0.8125,,,,2026-04-14 20:08:00,2026-04-14 20:10:00,2026-04-14 20:10:10
SPOOFING,spoofer_002,TSLA,39,47,0.8297872340425532,,,,2026-04-14 20:08:00,2026-04-14 20:10:00,2026-04-14 20:10:10
SPOOFING,spoofer_001,AAPL,14,16,0.875,,,,2026-04-14 20:08:00,2026-04-14 20:10:00,2026-04-14 20:10:10
SPOOFING,spoofer_002,TSLA,19,23,0.8260869565217391,,,,2026-04-14 20:07:30,2026-04-14 20:09:30,2026-04-14 20:09:41
SPOOFING,spoofer_003,BINANCE:BTCUSDT,14,17,0.8235294117647058,,,,2026-04-14 20:07:30,2026-04-14 20:09:30,2026-04-14 20:09:41
SPOOFING,spoofer_003,BINANCE:BTCUSDT,36,43,0.8372093023255814,,,,2026-04-14 20:07:00,2026-04-14 20:09:00,2026-04-14 20:09:41
SPOOFING,spoofer_003,BINANCE:BTCUSDT,36,43,0.8372093023255814,,,,2026-04-14 20:06:30,2026-04-14 20:08:30,2026-04-14 20:09:41
SPOOFING,spoofer_003,BINANCE:BTCUSDT,36,43,0.8372093023255814,,,,2026-04-14 20:06:00,2026-04-14 20:08:00,2026-04-14 20:09:41
SPOOFING,spoofer_001,AAPL,17,21,0.8095238095238095,,,,2026-04-14 20:05:30,2026-04-14 20:07:30,2026-04-14 20:09:16
SPOOFING,spoofer_003,BINANCE:BTCUSDT,39,47,0.8297872340425532,,,,2026-04-14 20:05:30,2026-04-14 20:07:30,2026-04-14 20:09:16
SPOOFING,spoofer_003,BINANCE:BTCUSDT,14,17,0.8235294117647058,,,,2026-04-14 20:05:00,2026-04-14 20:07:00,2026-04-14 20:07:30
SPOOFING,spoofer_001,AAPL,14,17,0.8235294117647058,,,,2026-04-14 20:05:00,2026-04-14 20:07:00,2026-04-14 20:07:30
SPOOFING,spoofer_001,AAPL,14,17,0.8235294117647058,,,,2026-04-14 20:04:30,2026-04-14 20:06:30,2026-04-14 20:07:30
SPOOFING,spoofer_003,BINANCE:BTCUSDT,24,29,0.8275862068965517,,,,2026-04-14 20:04:30,2026-04-14 20:06:30,2026-04-14 20:07:30
SPOOFING,spoofer_001,AAPL,14,17,0.8235294117647058,,,,2026-04-14 20:04:00,2026-04-14 20:06:00,2026-04-14 20:07:30
SPOOFING,spoofer_003,BINANCE:BTCUSDT,24,29,0.8275862068965517,,,,2026-04-14 20:04:00,2026-04-14 20:06:00,2026-04-14 20:07:30
SPOOFING,spoofer_003,BINANCE:BTCUSDT,13,16,0.8125,,,,2026-04-14 20:03:30,2026-04-14 20:05:30,2026-04-14 20:05:43
SPOOFING,spoofer_001,AAPL,14,17,0.8235294117647058,,,,2026-04-14 20:03:00,2026-04-14 20:05:00,2026-04-14 20:05:26
SPOOFING,spoofer_003,BINANCE:BTCUSDT,13,16,0.8125,,,,2026-04-14 20:03:00,2026-04-14 20:05:00,2026-04-14 20:05:26
SPOOFING,spoofer_001,AAPL,20,24,0.8333333333333334,,,,2026-04-14 20:02:30,2026-04-14 20:04:30,2026-04-14 20:05:20
SPOOFING,spoofer_002,TSLA,11,13,0.8461538461538461,,,,2026-04-14 20:02:30,2026-04-14 20:04:30,2026-04-14 20:05:20
SPOOFING,spoofer_002,TSLA,18,21,0.8571428571428571,,,,2026-04-14 20:02:00,2026-04-14 20:04:00,2026-04-14 20:05:20
SPOOFING,spoofer_001,AAPL,20,24,0.8333333333333334,,,,2026-04-14 20:02:00,2026-04-14 20:04:00,2026-04-14 20:05:20
SPOOFING,spoofer_002,TSLA,18,21,0.8571428571428571,,,,2026-04-14 20:01:30,2026-04-14 20:03:30,2026-04-14 20:04:00
SPOOFING,spoofer_001,AAPL,16,19,0.8421052631578947,,,,2026-04-14 20:01:30,2026-04-14 20:03:30,2026-04-14 20:04:00
SPOOFING,spoofer_002,TSLA,14,16,0.875,,,,2026-04-14 20:01:00,2026-04-14 20:03:00,2026-04-14 20:03:59
SPOOFING,spoofer_002,TSLA,11,13,0.8461538461538461,,,,2026-04-14 20:00:30,2026-04-14 20:02:30,2026-04-14 20:03:59
SPOOFING,spoofer_003,BINANCE:BTCUSDT,17,21,0.8095238095238095,,,,2026-04-14 20:00:30,2026-04-14 20:02:30,2026-04-14 20:03:59
SPOOFING,spoofer_003,BINANCE:BTCUSDT,14,17,0.8235294117647058,,,,2026-04-14 19:59:30,2026-04-14 20:01:30,2026-04-14 20:02:13
SPOOFING,spoofer_001,AAPL,14,17,0.8235294117647058,,,,2026-04-14 19:59:00,2026-04-14 20:01:00,2026-04-14 20:02:13
SPOOFING,spoofer_003,BINANCE:BTCUSDT,22,27,0.8148148148148148,,,,2026-04-14 19:59:00,2026-04-14 20:01:00,2026-04-14 20:02:13
SPOOFING,spoofer_002,TSLA,22,27,0.8148148148148148,,,,2026-04-14 19:59:00,2026-04-14 20:01:00,2026-04-14 20:02:13
SPOOFING,spoofer_001,AAPL,14,17,0.8235294117647058,,,,2026-04-14 19:58:30,2026-04-14 20:00:30,2026-04-14 20:00:39
SPOOFING,spoofer_003,BINANCE:BTCUSDT,22,27,0.8148148148148148,,,,2026-04-14 19:58:30,2026-04-14 20:00:30,2026-04-14 20:00:39
SPOOFING,spoofer_002,TSLA,25,30,0.8333333333333334,,,,2026-04-14 19:58:30,2026-04-14 20:00:30,2026-04-14 20:00:39
SPOOFING,spoofer_001,AAPL,14,17,0.8235294117647058,,,,2026-04-14 19:58:00,2026-04-14 20:00:00,2026-04-14 20:00:39
SPOOFING,spoofer_003,BINANCE:BTCUSDT,22,27,0.8148148148148148,,,,2026-04-14 19:58:00,2026-04-14 20:00:00,2026-04-14 20:00:39
SPOOFING,spoofer_002,TSLA,25,30,0.8333333333333334,,,,2026-04-14 19:58:00,2026-04-14 20:00:00,2026-04-14 20:00:39
SPOOFING,spoofer_001,AAPL,14,17,0.8235294117647058,,,,2026-04-14 19:57:30,2026-04-14 19:59:30,2026-04-14 19:59:43
SPOOFING,spoofer_003,BINANCE:BTCUSDT,21,26,0.8076923076923077,,,,2026-04-14 19:57:30,2026-04-14 19:59:30,2026-04-14 19:59:43
SPOOFING,spoofer_002,TSLA,26,32,0.8125,,,,2026-04-14 19:57:30,2026-04-14 19:59:30,2026-04-14 19:59:43
SPOOFING,spoofer_001,AAPL,19,23,0.8260869565217391,,,,2026-04-14 19:56:30,2026-04-14 19:58:30,2026-04-14 19:58:43
SPOOFING,spoofer_003,BINANCE:BTCUSDT,17,20,0.85,,,,2026-04-14 19:56:30,2026-04-14 19:58:30,2026-04-14 19:58:43
SPOOFING,spoofer_001,AAPL,19,23,0.8260869565217391,,,,2026-04-14 19:56:00,2026-04-14 19:58:00,2026-04-14 19:58:43
SPOOFING,spoofer_003,BINANCE:BTCUSDT,25,29,0.8620689655172413,,,,2026-04-14 19:56:00,2026-04-14 19:58:00,2026-04-14 19:58:43
SPOOFING,spoofer_002,TSLA,19,23,0.8260869565217391,,,,2026-04-14 19:56:00,2026-04-14 19:58:00,2026-04-14 19:58:43
SPOOFING,spoofer_001,AAPL,13,16,0.8125,,,,2026-04-14 19:55:30,2026-04-14 19:57:30,2026-04-14 19:57:48
SPOOFING,spoofer_003,BINANCE:BTCUSDT,20,23,0.8695652173913043,,,,2026-04-14 19:55:30,2026-04-14 19:57:30,2026-04-14 19:57:48
SPOOFING,spoofer_002,TSLA,18,21,0.8571428571428571,,,,2026-04-14 19:55:30,2026-04-14 19:57:30,2026-04-14 19:57:48
SPOOFING,spoofer_003,BINANCE:BTCUSDT,20,23,0.8695652173913043,,,,2026-04-14 19:55:00,2026-04-14 19:57:00,2026-04-14 19:57:48
SPOOFING,spoofer_001,AAPL,13,16,0.8125,,,,2026-04-14 19:55:00,2026-04-14 19:57:00,2026-04-14 19:57:48
SPOOFING,spoofer_002,TSLA,18,21,0.8571428571428571,,,,2026-04-14 19:55:00,2026-04-14 19:57:00,2026-04-14 19:57:48
SPOOFING,spoofer_002,TSLA,12,14,0.8571428571428571,,,,2026-04-14 19:54:30,2026-04-14 19:56:30,2026-04-14 19:56:39
SPOOFING,spoofer_003,BINANCE:BTCUSDT,12,14,0.8571428571428571,,,,2026-04-14 19:54:30,2026-04-14 19:56:30,2026-04-14 19:56:39
SPOOFING,spoofer_002,TSLA,17,21,0.8095238095238095,,,,2026-04-14 19:53:30,2026-04-14 19:55:30,2026-04-14 19:56:25
SPOOFING,spoofer_001,AAPL,18,21,0.8571428571428571,,,,2026-04-14 19:53:30,2026-04-14 19:55:30,2026-04-14 19:56:25
SPOOFING,spoofer_001,AAPL,18,21,0.8571428571428571,,,,2026-04-14 19:53:00,2026-04-14 19:55:00,2026-04-14 19:56:25
SPOOFING,spoofer_003,BINANCE:BTCUSDT,23,28,0.8214285714285714,,,,2026-04-14 19:53:00,2026-04-14 19:55:00,2026-04-14 19:56:25
SPOOFING,spoofer_002,TSLA,22,27,0.8148148148148148,,,,2026-04-14 19:53:00,2026-04-14 19:55:00,2026-04-14 19:56:25
SPOOFING,spoofer_002,TSLA,17,21,0.8095238095238095,,,,2026-04-14 19:52:30,2026-04-14 19:54:30,2026-04-14 19:54:36
SPOOFING,spoofer_001,AAPL,18,21,0.8571428571428571,,,,2026-04-14 19:52:30,2026-04-14 19:54:30,2026-04-14 19:54:36
SPOOFING,spoofer_003,BINANCE:BTCUSDT,19,23,0.8260869565217391,,,,2026-04-14 19:52:30,2026-04-14 19:54:30,2026-04-14 19:54:36
SPOOFING,spoofer_003,BINANCE:BTCUSDT,21,26,0.8076923076923077,,,,2026-04-14 19:52:00,2026-04-14 19:54:00,2026-04-14 19:54:11
SPOOFING,spoofer_001,AAPL,19,23,0.8260869565217391,,,,2026-04-14 19:52:00,2026-04-14 19:54:00,2026-04-14 19:54:11
SPOOFING,spoofer_001,AAPL,17,21,0.8095238095238095,,,,2026-04-14 19:51:30,2026-04-14 19:53:30,2026-04-14 19:53:46
SPOOFING,spoofer_003,BINANCE:BTCUSDT,26,31,0.8387096774193549,,,,2026-04-14 19:51:30,2026-04-14 19:53:30,2026-04-14 19:53:46
SPOOFING,spoofer_002,TSLA,17,21,0.8095238095238095,,,,2026-04-14 19:51:30,2026-04-14 19:53:30,2026-04-14 19:53:46
SPOOFING,spoofer_003,BINANCE:BTCUSDT,25,30,0.8333333333333334,,,,2026-04-14 19:51:00,2026-04-14 19:53:00,2026-04-14 19:53:28
SPOOFING,spoofer_003,BINANCE:BTCUSDT,25,30,0.8333333333333334,,,,2026-04-14 19:50:30,2026-04-14 19:52:30,2026-04-14 19:53:28
SPOOFING,spoofer_003,BINANCE:BTCUSDT,23,27,0.8518518518518519,,,,2026-04-14 19:50:00,2026-04-14 19:52:00,2026-04-14 19:52:15
SPOOFING,spoofer_003,BINANCE:BTCUSDT,13,16,0.8125,,,,2026-04-14 19:49:30,2026-04-14 19:51:30,2026-04-14 19:51:42
SPOOFING,spoofer_002,TSLA,35,42,0.8333333333333334,,,,2026-04-14 19:46:00,2026-04-14 19:48:00,2026-04-14 19:49:45
SPOOFING,spoofer_003,BINANCE:BTCUSDT,20,24,0.8333333333333334,,,,2026-04-14 19:46:00,2026-04-14 19:48:00,2026-04-14 19:49:45
SPOOFING,spoofer_003,BINANCE:BTCUSDT,12,14,0.8571428571428571,,,,2026-04-14 19:45:30,2026-04-14 19:47:30,2026-04-14 19:47:42
SPOOFING,spoofer_002,TSLA,28,34,0.8235294117647058,,,,2026-04-14 19:45:30,2026-04-14 19:47:30,2026-04-14 19:47:42
SPOOFING,spoofer_002,TSLA,28,34,0.8235294117647058,,,,2026-04-14 19:45:00,2026-04-14 19:47:00,2026-04-14 19:47:42
SPOOFING,spoofer_003,BINANCE:BTCUSDT,12,14,0.8571428571428571,,,,2026-04-14 19:45:00,2026-04-14 19:47:00,2026-04-14 19:47:42
SPOOFING,spoofer_002,TSLA,33,41,0.8048780487804879,,,,2026-04-14 19:44:30,2026-04-14 19:46:30,2026-04-14 19:47:42
SPOOFING,spoofer_003,BINANCE:BTCUSDT,23,27,0.8518518518518519,,,,2026-04-14 19:44:30,2026-04-14 19:46:30,2026-04-14 19:47:42
SPOOFING,spoofer_001,AAPL,13,16,0.8125,,,,2026-04-14 19:44:00,2026-04-14 19:46:00,2026-04-14 19:46:11
SPOOFING,spoofer_003,BINANCE:BTCUSDT,35,41,0.8536585365853658,,,,2026-04-14 19:44:00,2026-04-14 19:46:00,2026-04-14 19:46:11
SPOOFING,spoofer_003,BINANCE:BTCUSDT,45,53,0.8490566037735849,,,,2026-04-14 19:43:30,2026-04-14 19:45:30,2026-04-14 19:46:11
SPOOFING,spoofer_003,BINANCE:BTCUSDT,45,53,0.8490566037735849,,,,2026-04-14 19:43:00,2026-04-14 19:45:00,2026-04-14 19:46:11
SPOOFING,spoofer_003,BINANCE:BTCUSDT,34,40,0.85,,,,2026-04-14 19:42:30,2026-04-14 19:44:30,2026-04-14 19:44:56
SPOOFING,spoofer_001,AAPL,12,14,0.8571428571428571,,,,2026-04-14 19:41:30,2026-04-14 19:43:30,2026-04-14 19:43:52
SPOOFING,spoofer_002,TSLA,11,13,0.8461538461538461,,,,2026-04-14 19:41:30,2026-04-14 19:43:30,2026-04-14 19:43:52
SPOOFING,spoofer_001,AAPL,17,20,0.85,,,,2026-04-14 19:41:00,2026-04-14 19:43:00,2026-04-14 19:43:52
SPOOFING,spoofer_002,TSLA,21,25,0.84,,,,2026-04-14 19:41:00,2026-04-14 19:43:00,2026-04-14 19:43:52
SPOOFING,spoofer_001,AAPL,17,20,0.85,,,,2026-04-14 19:40:30,2026-04-14 19:42:30,2026-04-14 19:43:52
SPOOFING,spoofer_002,TSLA,27,32,0.84375,,,,2026-04-14 19:40:30,2026-04-14 19:42:30,2026-04-14 19:43:52
SPOOFING,spoofer_001,AAPL,24,29,0.8275862068965517,,,,2026-04-14 19:40:00,2026-04-14 19:42:00,2026-04-14 19:43:52
SPOOFING,spoofer_003,BINANCE:BTCUSDT,37,46,0.8043478260869565,,,,2026-04-14 19:40:00,2026-04-14 19:42:00,2026-04-14 19:43:52
SPOOFING,spoofer_002,TSLA,36,43,0.8372093023255814,,,,2026-04-14 19:40:00,2026-04-14 19:42:00,2026-04-14 19:43:52
SPOOFING,spoofer_001,AAPL,20,24,0.8333333333333334,,,,2026-04-14 19:39:30,2026-04-14 19:41:30,2026-04-14 19:41:45
SPOOFING,spoofer_002,TSLA,25,30,0.8333333333333334,,,,2026-04-14 19:39:30,2026-04-14 19:41:30,2026-04-14 19:41:45
SPOOFING,spoofer_003,BINANCE:BTCUSDT,29,36,0.8055555555555556,,,,2026-04-14 19:39:30,2026-04-14 19:41:30,2026-04-14 19:41:45
SPOOFING,spoofer_001,AAPL,21,25,0.84,,,,2026-04-14 19:39:00,2026-04-14 19:41:00,2026-04-14 19:41:16
SPOOFING,spoofer_002,TSLA,33,39,0.8461538461538461,,,,2026-04-14 19:39:00,2026-04-14 19:41:00,2026-04-14 19:41:16
SPOOFING,spoofer_001,AAPL,21,25,0.84,,,,2026-04-14 19:38:30,2026-04-14 19:40:30,2026-04-14 19:40:57
SPOOFING,spoofer_002,TSLA,27,32,0.84375,,,,2026-04-14 19:38:30,2026-04-14 19:40:30,2026-04-14 19:40:57
SPOOFING,spoofer_002,TSLA,18,21,0.8571428571428571,,,,2026-04-14 19:38:00,2026-04-14 19:40:00,2026-04-14 19:40:08
SPOOFING,spoofer_001,AAPL,14,16,0.875,,,,2026-04-14 19:38:00,2026-04-14 19:40:00,2026-04-14 19:40:08
SPOOFING,spoofer_002,TSLA,18,21,0.8571428571428571,,,,2026-04-14 19:37:30,2026-04-14 19:39:30,2026-04-14 19:40:08
SPOOFING,spoofer_003,BINANCE:BTCUSDT,22,26,0.8461538461538461,,,,2026-04-14 19:31:00,2026-04-14 19:33:00,2026-04-14 19:40:08
SPOOFING,spoofer_002,TSLA,18,22,0.8181818181818182,,,,2026-04-14 19:30:30,2026-04-14 19:32:30,2026-04-14 19:40:08
SPOOFING,spoofer_003,BINANCE:BTCUSDT,32,38,0.8421052631578947,,,,2026-04-14 19:30:30,2026-04-14 19:32:30,2026-04-14 19:40:08
SPOOFING,spoofer_001,AAPL,16,19,0.8421052631578947,,,,2026-04-14 19:30:30,2026-04-14 19:32:30,2026-04-14 19:40:08
SPOOFING,spoofer_001,AAPL,16,19,0.8421052631578947,,,,2026-04-14 19:30:00,2026-04-14 19:32:00,2026-04-14 19:39:16
SPOOFING,spoofer_002,TSLA,18,22,0.8181818181818182,,,,2026-04-14 19:30:00,2026-04-14 19:32:00,2026-04-14 19:39:16
SPOOFING,spoofer_003,BINANCE:BTCUSDT,26,31,0.8387096774193549,,,,2026-04-14 19:30:00,2026-04-14 19:32:00,2026-04-14 19:39:16
SPOOFING,spoofer_003,BINANCE:BTCUSDT,26,31,0.8387096774193549,,,,2026-04-14 19:29:30,2026-04-14 19:31:30,2026-04-14 19:39:16
SPOOFING,spoofer_001,AAPL,16,19,0.8421052631578947,,,,2026-04-14 19:29:30,2026-04-14 19:31:30,2026-04-14 19:39:16
SPOOFING,spoofer_002,TSLA,18,22,0.8181818181818182,,,,2026-04-14 19:29:30,2026-04-14 19:31:30,2026-04-14 19:39:16
SPOOFING,spoofer_003,BINANCE:BTCUSDT,16,19,0.8421052631578947,,,,2026-04-14 19:29:00,2026-04-14 19:31:00,2026-04-14 19:39:16
SPOOFING,spoofer_001,AAPL,28,33,0.8484848484848485,,,,2026-04-14 19:29:00,2026-04-14 19:31:00,2026-04-14 19:39:16
SPOOFING,spoofer_001,AAPL,16,19,0.8421052631578947,,,,2026-04-14 19:28:30,2026-04-14 19:30:30,2026-04-14 19:30:36
SPOOFING,spoofer_001,AAPL,16,19,0.8421052631578947,,,,2026-04-14 19:28:00,2026-04-14 19:30:00,2026-04-14 19:30:36
SPOOFING,spoofer_001,AAPL,16,19,0.8421052631578947,,,,2026-04-14 19:27:30,2026-04-14 19:29:30,2026-04-14 19:30:36
SPOOFING,spoofer_003,BINANCE:BTCUSDT,26,31,0.8387096774193549,,,,2026-04-14 19:27:30,2026-04-14 19:29:30,2026-04-14 19:30:36
SPOOFING,spoofer_003,BINANCE:BTCUSDT,20,24,0.8333333333333334,,,,2026-04-14 19:27:00,2026-04-14 19:29:00,2026-04-14 19:29:12
SPOOFING,spoofer_003,BINANCE:BTCUSDT,20,24,0.8333333333333334,,,,2026-04-14 19:26:30,2026-04-14 19:28:30,2026-04-14 19:29:03
SPOOFING,spoofer_003,BINANCE:BTCUSDT,22,27,0.8148148148148148,,,,2026-04-14 19:26:00,2026-04-14 19:28:00,2026-04-14 19:29:03
SPOOFING,spoofer_003,BINANCE:BTCUSDT,13,16,0.8125,,,,2026-04-14 19:22:00,2026-04-14 19:24:00,2026-04-14 19:25:05
SPOOFING,spoofer_002,TSLA,19,23,0.8260869565217391,,,,2026-04-14 19:22:00,2026-04-14 19:24:00,2026-04-14 19:25:05
SPOOFING,spoofer_003,BINANCE:BTCUSDT,38,46,0.8260869565217391,,,,2026-04-14 19:21:30,2026-04-14 19:23:30,2026-04-14 19:24:53
SPOOFING,spoofer_002,TSLA,30,36,0.8333333333333334,,,,2026-04-14 19:21:30,2026-04-14 19:23:30,2026-04-14 19:24:53
SPOOFING,spoofer_002,TSLA,45,54,0.8333333333333334,,,,2026-04-14 19:21:00,2026-04-14 19:23:00,2026-04-14 19:24:53
SPOOFING,spoofer_001,AAPL,23,28,0.8214285714285714,,,,2026-04-14 19:21:00,2026-04-14 19:23:00,2026-04-14 19:24:53
SPOOFING,spoofer_003,BINANCE:BTCUSDT,44,53,0.8301886792452831,,,,2026-04-14 19:21:00,2026-04-14 19:23:00,2026-04-14 19:24:53
SPOOFING,spoofer_003,BINANCE:BTCUSDT,40,48,0.8333333333333334,,,,2026-04-14 19:20:30,2026-04-14 19:22:30,2026-04-14 19:22:43
SPOOFING,spoofer_001,AAPL,23,28,0.8214285714285714,,,,2026-04-14 19:20:30,2026-04-14 19:22:30,2026-04-14 19:22:43
SPOOFING,spoofer_002,TSLA,43,51,0.8431372549019608,,,,2026-04-14 19:20:30,2026-04-14 19:22:30,2026-04-14 19:22:43
SPOOFING,spoofer_003,BINANCE:BTCUSDT,56,67,0.835820895522388,,,,2026-04-14 19:20:00,2026-04-14 19:22:00,2026-04-14 19:22:16
SPOOFING,spoofer_001,AAPL,28,34,0.8235294117647058,,,,2026-04-14 19:20:00,2026-04-14 19:22:00,2026-04-14 19:22:16
SPOOFING,spoofer_002,TSLA,43,51,0.8431372549019608,,,,2026-04-14 19:20:00,2026-04-14 19:22:00,2026-04-14 19:22:16
SPOOFING,spoofer_003,BINANCE:BTCUSDT,31,37,0.8378378378378378,,,,2026-04-14 19:19:30,2026-04-14 19:21:30,2026-04-14 19:21:50
SPOOFING,spoofer_001,AAPL,22,27,0.8148148148148148,,,,2026-04-14 19:19:30,2026-04-14 19:21:30,2026-04-14 19:21:50
SPOOFING,spoofer_002,TSLA,32,38,0.8421052631578947,,,,2026-04-14 19:19:30,2026-04-14 19:21:30,2026-04-14 19:21:50
SPOOFING,spoofer_002,TSLA,17,20,0.85,,,,2026-04-14 19:19:00,2026-04-14 19:21:00,2026-04-14 19:21:25
SPOOFING,spoofer_003,BINANCE:BTCUSDT,25,30,0.8333333333333334,,,,2026-04-14 19:19:00,2026-04-14 19:21:00,2026-04-14 19:21:25
SPOOFING,spoofer_003,BINANCE:BTCUSDT,25,30,0.8333333333333334,,,,2026-04-14 19:18:30,2026-04-14 19:20:30,2026-04-14 19:21:25
SPOOFING,spoofer_002,TSLA,17,20,0.85,,,,2026-04-14 19:18:30,2026-04-14 19:20:30,2026-04-14 19:21:25
SPOOFING,spoofer_003,BINANCE:BTCUSDT,19,22,0.8636363636363636,,,,2026-04-14 19:17:30,2026-04-14 19:19:30,2026-04-14 19:19:56
SPOOFING,spoofer_003,BINANCE:BTCUSDT,19,22,0.8636363636363636,,,,2026-04-14 19:17:00,2026-04-14 19:19:00,2026-04-14 19:19:56
SPOOFING,spoofer_003,BINANCE:BTCUSDT,26,30,0.8666666666666667,,,,2026-04-14 19:16:30,2026-04-14 19:18:30,2026-04-14 19:19:56
SPOOFING,spoofer_002,TSLA,13,15,0.8666666666666667,,,,2026-04-14 19:16:00,2026-04-14 19:18:00,2026-04-14 19:19:56
SPOOFING,spoofer_003,BINANCE:BTCUSDT,26,30,0.8666666666666667,,,,2026-04-14 19:16:00,2026-04-14 19:18:00,2026-04-14 19:19:56
SPOOFING,spoofer_001,AAPL,12,14,0.8571428571428571,,,,2026-04-14 19:15:00,2026-04-14 19:17:00,2026-04-14 19:17:38
SPOOFING,spoofer_002,TSLA,13,15,0.8666666666666667,,,,2026-04-14 19:15:00,2026-04-14 19:17:00,2026-04-14 19:17:38
SPOOFING,spoofer_003,BINANCE:BTCUSDT,21,25,0.84,,,,2026-04-14 19:15:00,2026-04-14 19:17:00,2026-04-14 19:17:38
SPOOFING,spoofer_003,BINANCE:BTCUSDT,14,17,0.8235294117647058,,,,2026-04-14 19:14:30,2026-04-14 19:16:30,2026-04-14 19:17:38
SPOOFING,spoofer_001,AAPL,12,14,0.8571428571428571,,,,2026-04-14 19:14:30,2026-04-14 19:16:30,2026-04-14 19:17:38
SPOOFING,spoofer_002,TSLA,13,15,0.8666666666666667,,,,2026-04-14 19:14:30,2026-04-14 19:16:30,2026-04-14 19:17:38
SPOOFING,spoofer_002,TSLA,11,13,0.8461538461538461,,,,2026-04-14 19:14:00,2026-04-14 19:16:00,2026-04-14 19:16:29
SPOOFING,spoofer_003,BINANCE:BTCUSDT,18,22,0.8181818181818182,,,,2026-04-14 19:14:00,2026-04-14 19:16:00,2026-04-14 19:16:29
SPOOFING,spoofer_001,AAPL,12,14,0.8571428571428571,,,,2026-04-14 19:14:00,2026-04-14 19:16:00,2026-04-14 19:16:29
SPOOFING,spoofer_002,TSLA,11,13,0.8461538461538461,,,,2026-04-14 19:13:30,2026-04-14 19:15:30,2026-04-14 19:16:29
SPOOFING,spoofer_003,BINANCE:BTCUSDT,18,22,0.8181818181818182,,,,2026-04-14 19:13:30,2026-04-14 19:15:30,2026-04-14 19:16:29
SPOOFING,spoofer_001,AAPL,12,14,0.8571428571428571,,,,2026-04-14 19:13:30,2026-04-14 19:15:30,2026-04-14 19:16:29
SPOOFING,spoofer_003,BINANCE:BTCUSDT,37,44,0.8409090909090909,,,,2026-04-14 19:11:30,2026-04-14 19:13:30,2026-04-14 19:14:09
SPOOFING,spoofer_002,TSLA,26,31,0.8387096774193549,,,,2026-04-14 19:11:00,2026-04-14 19:13:00,2026-04-14 19:14:09
SPOOFING,spoofer_003,BINANCE:BTCUSDT,57,68,0.8382352941176471,,,,2026-04-14 19:11:00,2026-04-14 19:13:00,2026-04-14 19:14:09
SPOOFING,spoofer_001,AAPL,15,18,0.8333333333333334,,,,2026-04-14 19:11:00,2026-04-14 19:13:00,2026-04-14 19:14:09
SPOOFING,spoofer_003,BINANCE:BTCUSDT,57,68,0.8382352941176471,,,,2026-04-14 19:10:30,2026-04-14 19:12:30,2026-04-14 19:14:09
SPOOFING,spoofer_001,AAPL,31,37,0.8378378378378378,,,,2026-04-14 19:10:30,2026-04-14 19:12:30,2026-04-14 19:14:09
SPOOFING,spoofer_002,TSLA,29,35,0.8285714285714286,,,,2026-04-14 19:10:30,2026-04-14 19:12:30,2026-04-14 19:14:09
SPOOFING,spoofer_003,BINANCE:BTCUSDT,57,68,0.8382352941176471,,,,2026-04-14 19:10:00,2026-04-14 19:12:00,2026-04-14 19:12:07
SPOOFING,spoofer_001,AAPL,31,37,0.8378378378378378,,,,2026-04-14 19:10:00,2026-04-14 19:12:00,2026-04-14 19:12:07
SPOOFING,spoofer_002,TSLA,33,40,0.825,,,,2026-04-14 19:10:00,2026-04-14 19:12:00,2026-04-14 19:12:07
SPOOFING,spoofer_001,AAPL,23,27,0.8518518518518519,,,,2026-04-14 19:09:30,2026-04-14 19:11:30,2026-04-14 19:11:51
SPOOFING,spoofer_003,BINANCE:BTCUSDT,26,31,0.8387096774193549,,,,2026-04-14 19:09:30,2026-04-14 19:11:30,2026-04-14 19:11:51
SPOOFING,spoofer_002,TSLA,30,36,0.8333333333333334,,,,2026-04-14 19:09:30,2026-04-14 19:11:30,2026-04-14 19:11:51
SPOOFING,spoofer_001,AAPL,16,19,0.8421052631578947,,,,2026-04-14 19:09:00,2026-04-14 19:11:00,2026-04-14 19:11:12
SPOOFING,spoofer_002,TSLA,40,48,0.8333333333333334,,,,2026-04-14 19:09:00,2026-04-14 19:11:00,2026-04-14 19:11:12
SPOOFING,spoofer_002,TSLA,37,44,0.8409090909090909,,,,2026-04-14 19:08:30,2026-04-14 19:10:30,2026-04-14 19:10:53
SPOOFING,spoofer_002,TSLA,32,38,0.8421052631578947,,,,2026-04-14 19:08:00,2026-04-14 19:10:00,2026-04-14 19:10:53
SPOOFING,spoofer_002,TSLA,32,38,0.8421052631578947,,,,2026-04-14 19:07:30,2026-04-14 19:09:30,2026-04-14 19:10:53
SPOOFING,spoofer_002,TSLA,11,13,0.8461538461538461,,,,2026-04-14 19:06:30,2026-04-14 19:08:30,2026-04-14 19:09:07
SPOOFING,spoofer_003,BINANCE:BTCUSDT,35,42,0.8333333333333334,,,,2026-04-14 19:06:30,2026-04-14 19:08:30,2026-04-14 19:09:07
SPOOFING,spoofer_002,TSLA,37,44,0.8409090909090909,,,,2026-04-14 19:06:00,2026-04-14 19:08:00,2026-04-14 19:08:09
SPOOFING,spoofer_003,BINANCE:BTCUSDT,44,52,0.8461538461538461,,,,2026-04-14 19:06:00,2026-04-14 19:08:00,2026-04-14 19:08:09
SPOOFING,spoofer_001,AAPL,24,29,0.8275862068965517,,,,2026-04-14 19:06:00,2026-04-14 19:08:00,2026-04-14 19:08:09
SPOOFING,spoofer_003,BINANCE:BTCUSDT,48,57,0.8421052631578947,,,,2026-04-14 19:05:30,2026-04-14 19:07:30,2026-04-14 19:08:02
SPOOFING,spoofer_002,TSLA,42,50,0.84,,,,2026-04-14 19:05:30,2026-04-14 19:07:30,2026-04-14 19:08:02
SPOOFING,spoofer_001,AAPL,27,33,0.8181818181818182,,,,2026-04-14 19:05:30,2026-04-14 19:07:30,2026-04-14 19:08:02
SPOOFING,spoofer_003,BINANCE:BTCUSDT,59,70,0.8428571428571429,,,,2026-04-14 19:05:00,2026-04-14 19:07:00,2026-04-14 19:08:02
SPOOFING,spoofer_002,TSLA,44,53,0.8301886792452831,,,,2026-04-14 19:05:00,2026-04-14 19:07:00,2026-04-14 19:08:02
SPOOFING,spoofer_001,AAPL,33,40,0.825,,,,2026-04-14 19:05:00,2026-04-14 19:07:00,2026-04-14 19:08:02
SPOOFING,spoofer_001,AAPL,35,42,0.8333333333333334,,,,2026-04-14 19:04:30,2026-04-14 19:06:30,2026-04-14 19:06:44
SPOOFING,spoofer_003,BINANCE:BTCUSDT,58,68,0.8529411764705882,,,,2026-04-14 19:04:30,2026-04-14 19:06:30,2026-04-14 19:06:44
SPOOFING,spoofer_002,TSLA,44,54,0.8148148148148148,,,,2026-04-14 19:04:30,2026-04-14 19:06:30,2026-04-14 19:06:44
SPOOFING,spoofer_002,TSLA,48,59,0.8135593220338984,,,,2026-04-14 19:04:00,2026-04-14 19:06:00,2026-04-14 19:06:15
SPOOFING,spoofer_001,AAPL,19,23,0.8260869565217391,,,,2026-04-14 19:04:00,2026-04-14 19:06:00,2026-04-14 19:06:15
SPOOFING,spoofer_003,BINANCE:BTCUSDT,52,62,0.8387096774193549,,,,2026-04-14 19:04:00,2026-04-14 19:06:00,2026-04-14 19:06:15
SPOOFING,spoofer_001,AAPL,16,19,0.8421052631578947,,,,2026-04-14 19:03:30,2026-04-14 19:05:30,2026-04-14 19:05:44
SPOOFING,spoofer_003,BINANCE:BTCUSDT,58,69,0.8405797101449275,,,,2026-04-14 19:03:30,2026-04-14 19:05:30,2026-04-14 19:05:44
SPOOFING,spoofer_002,TSLA,49,60,0.8166666666666667,,,,2026-04-14 19:03:30,2026-04-14 19:05:30,2026-04-14 19:05:44
SPOOFING,spoofer_002,TSLA,47,57,0.8245614035087719,,,,2026-04-14 19:03:00,2026-04-14 19:05:00,2026-04-14 19:05:07
SPOOFING,spoofer_003,BINANCE:BTCUSDT,43,51,0.8431372549019608,,,,2026-04-14 19:03:00,2026-04-14 19:05:00,2026-04-14 19:05:07
SPOOFING,spoofer_002,TSLA,48,57,0.8421052631578947,,,,2026-04-14 19:02:30,2026-04-14 19:04:30,2026-04-14 19:04:39
SPOOFING,spoofer_003,BINANCE:BTCUSDT,35,41,0.8536585365853658,,,,2026-04-14 19:02:30,2026-04-14 19:04:30,2026-04-14 19:04:39
SPOOFING,spoofer_001,AAPL,13,16,0.8125,,,,2026-04-14 19:02:00,2026-04-14 19:04:00,2026-04-14 19:04:11
SPOOFING,spoofer_003,BINANCE:BTCUSDT,26,30,0.8666666666666667,,,,2026-04-14 19:02:00,2026-04-14 19:04:00,2026-04-14 19:04:11
SPOOFING,spoofer_002,TSLA,20,23,0.8695652173913043,,,,2026-04-14 19:02:00,2026-04-14 19:04:00,2026-04-14 19:04:11
SPOOFING,spoofer_001,AAPL,13,16,0.8125,,,,2026-04-14 19:01:30,2026-04-14 19:03:30,2026-04-14 19:03:55
SPOOFING,spoofer_003,BINANCE:BTCUSDT,16,18,0.8888888888888888,,,,2026-04-14 19:01:30,2026-04-14 19:03:30,2026-04-14 19:03:55
SPOOFING,spoofer_002,TSLA,14,16,0.875,,,,2026-04-14 19:01:30,2026-04-14 19:03:30,2026-04-14 19:03:55
SPOOFING,spoofer_001,AAPL,13,16,0.8125,,,,2026-04-14 19:01:00,2026-04-14 19:03:00,2026-04-14 19:03:55
SPOOFING,spoofer_003,BINANCE:BTCUSDT,16,18,0.8888888888888888,,,,2026-04-14 19:01:00,2026-04-14 19:03:00,2026-04-14 19:03:55
SPOOFING,spoofer_002,TSLA,14,16,0.875,,,,2026-04-14 19:01:00,2026-04-14 19:03:00,2026-04-14 19:03:55
SPOOFING,spoofer_001,AAPL,12,14,0.8571428571428571,,,,2026-04-14 19:00:30,2026-04-14 19:02:30,2026-04-14 19:02:46
SPOOFING,spoofer_002,TSLA,19,23,0.8260869565217391,,,,2026-04-14 18:57:30,2026-04-14 18:59:30,2026-04-14 19:01:05
SPOOFING,spoofer_001,AAPL,21,25,0.84,,,,2026-04-14 18:57:30,2026-04-14 18:59:30,2026-04-14 19:01:05
SPOOFING,spoofer_001,AAPL,21,25,0.84,,,,2026-04-14 18:57:00,2026-04-14 18:59:00,2026-04-14 19:01:05
SPOOFING,spoofer_002,TSLA,19,23,0.8260869565217391,,,,2026-04-14 18:57:00,2026-04-14 18:59:00,2026-04-14 19:01:05
SPOOFING,spoofer_002,TSLA,30,37,0.8108108108108109,,,,2026-04-14 18:56:30,2026-04-14 18:58:30,2026-04-14 19:01:05
SPOOFING,spoofer_001,AAPL,21,25,0.84,,,,2026-04-14 18:56:30,2026-04-14 18:58:30,2026-04-14 19:01:05
SPOOFING,spoofer_003,BINANCE:BTCUSDT,22,26,0.8461538461538461,,,,2026-04-14 18:56:30,2026-04-14 18:58:30,2026-04-14 19:01:05
SPOOFING,spoofer_003,BINANCE:BTCUSDT,32,38,0.8421052631578947,,,,2026-04-14 18:56:00,2026-04-14 18:58:00,2026-04-14 18:58:28
SPOOFING,spoofer_001,AAPL,21,25,0.84,,,,2026-04-14 18:56:00,2026-04-14 18:58:00,2026-04-14 18:58:28
SPOOFING,spoofer_002,TSLA,29,36,0.8055555555555556,,,,2026-04-14 18:56:00,2026-04-14 18:58:00,2026-04-14 18:58:28
SPOOFING,spoofer_002,TSLA,17,21,0.8095238095238095,,,,2026-04-14 18:55:30,2026-04-14 18:57:30,2026-04-14 18:57:48
SPOOFING,spoofer_003,BINANCE:BTCUSDT,35,41,0.8536585365853658,,,,2026-04-14 18:55:30,2026-04-14 18:57:30,2026-04-14 18:57:48
SPOOFING,spoofer_003,BINANCE:BTCUSDT,35,41,0.8536585365853658,,,,2026-04-14 18:55:00,2026-04-14 18:57:00,2026-04-14 18:57:48
SPOOFING,spoofer_002,TSLA,17,21,0.8095238095238095,,,,2026-04-14 18:55:00,2026-04-14 18:57:00,2026-04-14 18:57:48
SPOOFING,spoofer_003,BINANCE:BTCUSDT,17,20,0.85,,,,2026-04-14 18:54:30,2026-04-14 18:56:30,2026-04-14 18:56:45
SPOOFING,spoofer_002,TSLA,17,20,0.85,,,,2026-04-14 18:54:30,2026-04-14 18:56:30,2026-04-14 18:56:45
SPOOFING,spoofer_003,BINANCE:BTCUSDT,34,40,0.85,,,,2026-04-14 18:54:00,2026-04-14 18:56:00,2026-04-14 18:56:24
SPOOFING,spoofer_002,TSLA,19,23,0.8260869565217391,,,,2026-04-14 18:54:00,2026-04-14 18:56:00,2026-04-14 18:56:24
SPOOFING,spoofer_003,BINANCE:BTCUSDT,49,58,0.8448275862068966,,,,2026-04-14 18:53:30,2026-04-14 18:55:30,2026-04-14 18:56:01
SPOOFING,spoofer_002,TSLA,23,28,0.8214285714285714,,,,2026-04-14 18:53:30,2026-04-14 18:55:30,2026-04-14 18:56:01
SPOOFING,spoofer_001,AAPL,13,15,0.8666666666666667,,,,2026-04-14 18:53:30,2026-04-14 18:55:30,2026-04-14 18:56:01
SPOOFING,spoofer_001,AAPL,13,15,0.8666666666666667,,,,2026-04-14 18:53:00,2026-04-14 18:55:00,2026-04-14 18:56:01
SPOOFING,spoofer_003,BINANCE:BTCUSDT,49,58,0.8448275862068966,,,,2026-04-14 18:53:00,2026-04-14 18:55:00,2026-04-14 18:56:01
SPOOFING,spoofer_002,TSLA,23,28,0.8214285714285714,,,,2026-04-14 18:53:00,2026-04-14 18:55:00,2026-04-14 18:56:01
SPOOFING,spoofer_001,AAPL,13,15,0.8666666666666667,,,,2026-04-14 18:52:30,2026-04-14 18:54:30,2026-04-14 18:54:54
SPOOFING,spoofer_002,TSLA,22,27,0.8148148148148148,,,,2026-04-14 18:52:30,2026-04-14 18:54:30,2026-04-14 18:54:54
SPOOFING,spoofer_003,BINANCE:BTCUSDT,57,67,0.8507462686567164,,,,2026-04-14 18:52:30,2026-04-14 18:54:30,2026-04-14 18:54:54
SPOOFING,spoofer_003,BINANCE:BTCUSDT,30,35,0.8571428571428571,,,,2026-04-14 18:52:00,2026-04-14 18:54:00,2026-04-14 18:54:17
SPOOFING,spoofer_002,TSLA,14,17,0.8235294117647058,,,,2026-04-14 18:52:00,2026-04-14 18:54:00,2026-04-14 18:54:17
SPOOFING,spoofer_002,TSLA,13,16,0.8125,,,,2026-04-14 18:51:30,2026-04-14 18:53:30,2026-04-14 18:53:54
SPOOFING,spoofer_003,BINANCE:BTCUSDT,15,17,0.8823529411764706,,,,2026-04-14 18:51:30,2026-04-14 18:53:30,2026-04-14 18:53:54
SPOOFING,spoofer_003,BINANCE:BTCUSDT,15,17,0.8823529411764706,,,,2026-04-14 18:51:00,2026-04-14 18:53:00,2026-04-14 18:53:54
SPOOFING,spoofer_002,TSLA,13,16,0.8125,,,,2026-04-14 18:51:00,2026-04-14 18:53:00,2026-04-14 18:53:54
SPOOFING,spoofer_003,BINANCE:BTCUSDT,26,30,0.8666666666666667,,,,2026-04-14 18:50:00,2026-04-14 18:52:00,2026-04-14 18:52:37
SPOOFING,spoofer_003,BINANCE:BTCUSDT,32,37,0.8648648648648649,,,,2026-04-14 18:49:30,2026-04-14 18:51:30,2026-04-14 18:51:51
SPOOFING,spoofer_003,BINANCE:BTCUSDT,32,37,0.8648648648648649,,,,2026-04-14 18:49:00,2026-04-14 18:51:00,2026-04-14 18:51:51
SPOOFING,spoofer_003,BINANCE:BTCUSDT,32,37,0.8648648648648649,,,,2026-04-14 18:48:30,2026-04-14 18:50:30,2026-04-14 18:51:51
SPOOFING,spoofer_003,BINANCE:BTCUSDT,21,25,0.84,,,,2026-04-14 18:48:00,2026-04-14 18:50:00,2026-04-14 18:50:10
SPOOFING,spoofer_002,TSLA,13,16,0.8125,,,,2026-04-14 18:48:00,2026-04-14 18:50:00,2026-04-14 18:50:10
SPOOFING,spoofer_003,BINANCE:BTCUSDT,13,16,0.8125,,,,2026-04-14 18:47:00,2026-04-14 18:49:00,2026-04-14 18:50:08
SPOOFING,spoofer_002,TSLA,27,32,0.84375,,,,2026-04-14 18:46:30,2026-04-14 18:48:30,2026-04-14 18:50:08
SPOOFING,spoofer_003,BINANCE:BTCUSDT,37,45,0.8222222222222222,,,,2026-04-14 18:46:30,2026-04-14 18:48:30,2026-04-14 18:50:08
SPOOFING,spoofer_002,TSLA,23,27,0.8518518518518519,,,,2026-04-14 18:46:00,2026-04-14 18:48:00,2026-04-14 18:48:10
SPOOFING,spoofer_003,BINANCE:BTCUSDT,42,50,0.84,,,,2026-04-14 18:46:00,2026-04-14 18:48:00,2026-04-14 18:48:10
SPOOFING,spoofer_001,AAPL,17,21,0.8095238095238095,,,,2026-04-14 18:46:00,2026-04-14 18:48:00,2026-04-14 18:48:10
SPOOFING,spoofer_001,AAPL,15,18,0.8333333333333334,,,,2026-04-14 18:45:30,2026-04-14 18:47:30,2026-04-14 18:48:02
SPOOFING,spoofer_002,TSLA,23,27,0.8518518518518519,,,,2026-04-14 18:45:30,2026-04-14 18:47:30,2026-04-14 18:48:02
SPOOFING,spoofer_003,BINANCE:BTCUSDT,42,50,0.84,,,,2026-04-14 18:45:30,2026-04-14 18:47:30,2026-04-14 18:48:02
SPOOFING,spoofer_002,TSLA,23,27,0.8518518518518519,,,,2026-04-14 18:45:00,2026-04-14 18:47:00,2026-04-14 18:48:02
SPOOFING,spoofer_001,AAPL,15,18,0.8333333333333334,,,,2026-04-14 18:45:00,2026-04-14 18:47:00,2026-04-14 18:48:02
SPOOFING,spoofer_003,BINANCE:BTCUSDT,37,44,0.8409090909090909,,,,2026-04-14 18:45:00,2026-04-14 18:47:00,2026-04-14 18:48:02
SPOOFING,spoofer_001,AAPL,17,21,0.8095238095238095,,,,2026-04-14 18:44:30,2026-04-14 18:46:30,2026-04-14 18:46:35
SPOOFING,spoofer_003,BINANCE:BTCUSDT,22,26,0.8461538461538461,,,,2026-04-14 18:44:30,2026-04-14 18:46:30,2026-04-14 18:46:35
SPOOFING,spoofer_002,TSLA,19,23,0.8260869565217391,,,,2026-04-14 18:44:30,2026-04-14 18:46:30,2026-04-14 18:46:35
SPOOFING,spoofer_003,BINANCE:BTCUSDT,30,36,0.8333333333333334,,,,2026-04-14 18:44:00,2026-04-14 18:46:00,2026-04-14 18:46:10
SPOOFING,spoofer_002,TSLA,35,42,0.8333333333333334,,,,2026-04-14 18:44:00,2026-04-14 18:46:00,2026-04-14 18:46:10
SPOOFING,spoofer_001,AAPL,23,27,0.8518518518518519,,,,2026-04-14 18:44:00,2026-04-14 18:46:00,2026-04-14 18:46:10
SPOOFING,spoofer_001,AAPL,27,32,0.84375,,,,2026-04-14 18:43:30,2026-04-14 18:45:30,2026-04-14 18:46:10
SPOOFING,spoofer_002,TSLA,39,47,0.8297872340425532,,,,2026-04-14 18:43:30,2026-04-14 18:45:30,2026-04-14 18:46:10
SPOOFING,spoofer_003,BINANCE:BTCUSDT,37,45,0.8222222222222222,,,,2026-04-14 18:43:30,2026-04-14 18:45:30,2026-04-14 18:46:10
SPOOFING,spoofer_001,AAPL,27,32,0.84375,,,,2026-04-14 18:43:00,2026-04-14 18:45:00,2026-04-14 18:46:10
SPOOFING,spoofer_003,BINANCE:BTCUSDT,37,45,0.8222222222222222,,,,2026-04-14 18:43:00,2026-04-14 18:45:00,2026-04-14 18:46:10
SPOOFING,spoofer_002,TSLA,39,47,0.8297872340425532,,,,2026-04-14 18:43:00,2026-04-14 18:45:00,2026-04-14 18:46:10
SPOOFING,spoofer_002,TSLA,25,30,0.8333333333333334,,,,2026-04-14 18:42:30,2026-04-14 18:44:30,2026-04-14 18:44:37
SPOOFING,spoofer_003,BINANCE:BTCUSDT,28,34,0.8235294117647058,,,,2026-04-14 18:42:30,2026-04-14 18:44:30,2026-04-14 18:44:37
SPOOFING,spoofer_001,AAPL,18,21,0.8571428571428571,,,,2026-04-14 18:42:30,2026-04-14 18:44:30,2026-04-14 18:44:37
SPOOFING,spoofer_003,BINANCE:BTCUSDT,16,19,0.8421052631578947,,,,2026-04-14 18:41:00,2026-04-14 18:43:00,2026-04-14 18:43:49
SPOOFING,spoofer_003,BINANCE:BTCUSDT,16,19,0.8421052631578947,,,,2026-04-14 18:40:30,2026-04-14 18:42:30,2026-04-14 18:43:49
SPOOFING,spoofer_003,BINANCE:BTCUSDT,16,19,0.8421052631578947,,,,2026-04-14 18:40:00,2026-04-14 18:42:00,2026-04-14 18:43:48
SPOOFING,spoofer_003,BINANCE:BTCUSDT,16,19,0.8421052631578947,,,,2026-04-14 18:39:30,2026-04-14 18:41:30,2026-04-14 18:43:48
SPOOFING,spoofer_003,BINANCE:BTCUSDT,18,22,0.8181818181818182,,,,2026-04-14 18:38:30,2026-04-14 18:40:30,2026-04-14 18:41:04
SPOOFING,spoofer_003,BINANCE:BTCUSDT,38,46,0.8260869565217391,,,,2026-04-14 18:38:00,2026-04-14 18:40:00,2026-04-14 18:41:04
SPOOFING,spoofer_002,TSLA,34,41,0.8292682926829268,,,,2026-04-14 18:38:00,2026-04-14 18:40:00,2026-04-14 18:41:04
SPOOFING,spoofer_003,BINANCE:BTCUSDT,44,53,0.8301886792452831,,,,2026-04-14 18:37:30,2026-04-14 18:39:30,2026-04-14 18:41:04
SPOOFING,spoofer_002,TSLA,45,54,0.8333333333333334,,,,2026-04-14 18:37:30,2026-04-14 18:39:30,2026-04-14 18:41:04
SPOOFING,spoofer_002,TSLA,45,54,0.8333333333333334,,,,2026-04-14 18:37:00,2026-04-14 18:39:00,2026-04-14 18:41:04
SPOOFING,spoofer_003,BINANCE:BTCUSDT,44,53,0.8301886792452831,,,,2026-04-14 18:37:00,2026-04-14 18:39:00,2026-04-14 18:41:04
SPOOFING,spoofer_001,AAPL,14,17,0.8235294117647058,,,,2026-04-14 18:37:00,2026-04-14 18:39:00,2026-04-14 18:41:04
SPOOFING,spoofer_001,AAPL,14,17,0.8235294117647058,,,,2026-04-14 18:36:30,2026-04-14 18:38:30,2026-04-14 18:41:04
SPOOFING,spoofer_003,BINANCE:BTCUSDT,26,31,0.8387096774193549,,,,2026-04-14 18:36:30,2026-04-14 18:38:30,2026-04-14 18:41:04
SPOOFING,spoofer_002,TSLA,34,40,0.85,,,,2026-04-14 18:36:30,2026-04-14 18:38:30,2026-04-14 18:41:04
SPOOFING,spoofer_002,TSLA,22,26,0.8461538461538461,,,,2026-04-14 18:36:00,2026-04-14 18:38:00,2026-04-14 18:38:12
SPOOFING,spoofer_002,TSLA,15,18,0.8333333333333334,,,,2026-04-14 18:35:30,2026-04-14 18:37:30,2026-04-14 18:37:40
SPOOFING,spoofer_002,TSLA,20,24,0.8333333333333334,,,,2026-04-14 18:35:00,2026-04-14 18:37:00,2026-04-14 18:37:40
SPOOFING,spoofer_002,TSLA,20,24,0.8333333333333334,,,,2026-04-14 18:34:30,2026-04-14 18:36:30,2026-04-14 18:37:40
SPOOFING,spoofer_003,BINANCE:BTCUSDT,23,27,0.8518518518518519,,,,2026-04-14 18:33:30,2026-04-14 18:35:30,2026-04-14 18:35:59
SPOOFING,spoofer_003,BINANCE:BTCUSDT,23,27,0.8518518518518519,,,,2026-04-14 18:33:00,2026-04-14 18:35:00,2026-04-14 18:35:13
SPOOFING,spoofer_003,BINANCE:BTCUSDT,23,27,0.8518518518518519,,,,2026-04-14 18:32:30,2026-04-14 18:34:30,2026-04-14 18:35:13
SPOOFING,spoofer_003,BINANCE:BTCUSDT,21,25,0.84,,,,2026-04-14 18:32:00,2026-04-14 18:34:00,2026-04-14 18:35:13
SPOOFING,spoofer_002,TSLA,57,68,0.8382352941176471,,,,2026-04-14 18:30:30,2026-04-14 18:32:30,2026-04-14 18:33:33
SPOOFING,spoofer_003,BINANCE:BTCUSDT,31,38,0.8157894736842105,,,,2026-04-14 18:30:30,2026-04-14 18:32:30,2026-04-14 18:33:33
SPOOFING,spoofer_002,TSLA,57,68,0.8382352941176471,,,,2026-04-14 18:30:00,2026-04-14 18:32:00,2026-04-14 18:33:32
SPOOFING,spoofer_003,BINANCE:BTCUSDT,27,33,0.8181818181818182,,,,2026-04-14 18:30:00,2026-04-14 18:32:00,2026-04-14 18:33:32
SPOOFING,spoofer_003,BINANCE:BTCUSDT,27,33,0.8181818181818182,,,,2026-04-14 18:29:30,2026-04-14 18:31:30,2026-04-14 18:33:32
SPOOFING,spoofer_002,TSLA,57,68,0.8382352941176471,,,,2026-04-14 18:29:30,2026-04-14 18:31:30,2026-04-14 18:33:32
SPOOFING,spoofer_002,TSLA,36,42,0.8571428571428571,,,,2026-04-14 18:29:00,2026-04-14 18:31:00,2026-04-14 18:31:08
SPOOFING,spoofer_003,BINANCE:BTCUSDT,20,24,0.8333333333333334,,,,2026-04-14 18:29:00,2026-04-14 18:31:00,2026-04-14 18:31:08
SPOOFING,spoofer_003,BINANCE:BTCUSDT,16,19,0.8421052631578947,,,,2026-04-14 18:27:00,2026-04-14 18:29:00,2026-04-14 18:29:29
SPOOFING,spoofer_002,TSLA,48,58,0.8275862068965517,,,,2026-04-14 18:27:00,2026-04-14 18:29:00,2026-04-14 18:29:29
SPOOFING,spoofer_001,AAPL,17,21,0.8095238095238095,,,,2026-04-14 18:27:00,2026-04-14 18:29:00,2026-04-14 18:29:29
SPOOFING,spoofer_003,BINANCE:BTCUSDT,25,30,0.8333333333333334,,,,2026-04-14 18:26:30,2026-04-14 18:28:30,2026-04-14 18:29:29
SPOOFING,spoofer_002,TSLA,58,70,0.8285714285714286,,,,2026-04-14 18:26:30,2026-04-14 18:28:30,2026-04-14 18:29:29
SPOOFING,spoofer_001,AAPL,36,43,0.8372093023255814,,,,2026-04-14 18:26:30,2026-04-14 18:28:30,2026-04-14 18:29:29
SPOOFING,spoofer_002,TSLA,88,105,0.8380952380952381,,,,2026-04-14 18:26:00,2026-04-14 18:28:00,2026-04-14 18:29:29
SPOOFING,spoofer_001,AAPL,64,76,0.8421052631578947,,,,2026-04-14 18:26:00,2026-04-14 18:28:00,2026-04-14 18:29:29
SPOOFING,spoofer_003,BINANCE:BTCUSDT,30,36,0.8333333333333334,,,,2026-04-14 18:26:00,2026-04-14 18:28:00,2026-04-14 18:29:29
SPOOFING,spoofer_002,TSLA,81,97,0.8350515463917526,,,,2026-04-14 18:25:30,2026-04-14 18:27:30,2026-04-14 18:29:29
SPOOFING,spoofer_003,BINANCE:BTCUSDT,33,40,0.825,,,,2026-04-14 18:25:30,2026-04-14 18:27:30,2026-04-14 18:29:29
SPOOFING,spoofer_001,AAPL,59,69,0.855072463768116,,,,2026-04-14 18:25:30,2026-04-14 18:27:30,2026-04-14 18:29:29
SPOOFING,spoofer_001,AAPL,53,62,0.8548387096774194,,,,2026-04-14 18:25:00,2026-04-14 18:27:00,2026-04-14 18:27:13
SPOOFING,spoofer_003,BINANCE:BTCUSDT,21,26,0.8076923076923077,,,,2026-04-14 18:25:00,2026-04-14 18:27:00,2026-04-14 18:27:13
SPOOFING,spoofer_002,TSLA,40,47,0.851063829787234,,,,2026-04-14 18:25:00,2026-04-14 18:27:00,2026-04-14 18:27:13
SPOOFING,spoofer_001,AAPL,34,40,0.85,,,,2026-04-14 18:24:30,2026-04-14 18:26:30,2026-04-14 18:26:39
SPOOFING,spoofer_002,TSLA,30,35,0.8571428571428571,,,,2026-04-14 18:24:30,2026-04-14 18:26:30,2026-04-14 18:26:39
SPOOFING,spoofer_003,BINANCE:BTCUSDT,20,23,0.8695652173913043,,,,2026-04-14 18:23:00,2026-04-14 18:25:00,2026-04-14 18:26:00
SPOOFING,spoofer_003,BINANCE:BTCUSDT,24,28,0.8571428571428571,,,,2026-04-14 18:22:30,2026-04-14 18:24:30,2026-04-14 18:25:59
SPOOFING,spoofer_003,BINANCE:BTCUSDT,34,41,0.8292682926829268,,,,2026-04-14 18:22:00,2026-04-14 18:24:00,2026-04-14 18:25:59
SPOOFING,spoofer_003,BINANCE:BTCUSDT,34,41,0.8292682926829268,,,,2026-04-14 18:21:30,2026-04-14 18:23:30,2026-04-14 18:25:59
SPOOFING,spoofer_003,BINANCE:BTCUSDT,13,16,0.8125,,,,2026-04-14 18:20:00,2026-04-14 18:22:00,2026-04-14 18:22:05
SPOOFING,spoofer_003,BINANCE:BTCUSDT,14,17,0.8235294117647058,,,,2026-04-14 18:18:30,2026-04-14 18:20:30,2026-04-14 18:21:16
SPOOFING,spoofer_001,AAPL,13,16,0.8125,,,,2026-04-14 18:18:30,2026-04-14 18:20:30,2026-04-14 18:21:16
SPOOFING,spoofer_001,AAPL,13,16,0.8125,,,,2026-04-14 18:18:00,2026-04-14 18:20:00,2026-04-14 18:21:12
SPOOFING,spoofer_001,AAPL,20,24,0.8333333333333334,,,,2026-04-14 18:17:00,2026-04-14 18:19:00,2026-04-14 18:19:59
SPOOFING,spoofer_001,AAPL,11,13,0.8461538461538461,,,,2026-04-14 18:16:30,2026-04-14 18:18:30,2026-04-14 18:19:54
SPOOFING,spoofer_001,AAPL,11,13,0.8461538461538461,,,,2026-04-14 18:16:00,2026-04-14 18:18:00,2026-04-14 18:18:37
SPOOFING,spoofer_001,AAPL,15,18,0.8333333333333334,,,,2026-04-14 18:15:30,2026-04-14 18:17:30,2026-04-14 18:18:37
SPOOFING,spoofer_003,BINANCE:BTCUSDT,15,18,0.8333333333333334,,,,2026-04-14 18:15:00,2026-04-14 18:17:00,2026-04-14 18:17:08
SPOOFING,spoofer_001,AAPL,21,25,0.84,,,,2026-04-14 18:15:00,2026-04-14 18:17:00,2026-04-14 18:17:08
SPOOFING,spoofer_003,BINANCE:BTCUSDT,27,32,0.84375,,,,2026-04-14 18:14:30,2026-04-14 18:16:30,2026-04-14 18:17:08
SPOOFING,spoofer_001,AAPL,26,31,0.8387096774193549,,,,2026-04-14 18:14:30,2026-04-14 18:16:30,2026-04-14 18:17:08
SPOOFING,spoofer_001,AAPL,30,36,0.8333333333333334,,,,2026-04-14 18:14:00,2026-04-14 18:16:00,2026-04-14 18:17:08
SPOOFING,spoofer_003,BINANCE:BTCUSDT,27,32,0.84375,,,,2026-04-14 18:14:00,2026-04-14 18:16:00,2026-04-14 18:17:08
SPOOFING,spoofer_003,BINANCE:BTCUSDT,21,25,0.84,,,,2026-04-14 18:13:30,2026-04-14 18:15:30,2026-04-14 18:15:46
SPOOFING,spoofer_001,AAPL,26,31,0.8387096774193549,,,,2026-04-14 18:13:30,2026-04-14 18:15:30,2026-04-14 18:15:46
SPOOFING,spoofer_002,TSLA,13,16,0.8125,,,,2026-04-14 18:13:00,2026-04-14 18:15:00,2026-04-14 18:15:15
SPOOFING,spoofer_003,BINANCE:BTCUSDT,17,20,0.85,,,,2026-04-14 18:13:00,2026-04-14 18:15:00,2026-04-14 18:15:15
SPOOFING,spoofer_002,TSLA,13,16,0.8125,,,,2026-04-14 18:11:00,2026-04-14 18:13:00,2026-04-14 18:13:12
SPOOFING,spoofer_002,TSLA,13,16,0.8125,,,,2026-04-14 18:10:30,2026-04-14 18:12:30,2026-04-14 18:13:12
SPOOFING,spoofer_002,TSLA,13,16,0.8125,,,,2026-04-14 18:10:00,2026-04-14 18:12:00,2026-04-14 18:13:10
SPOOFING,spoofer_002,TSLA,11,13,0.8461538461538461,,,,2026-04-14 18:07:30,2026-04-14 18:09:30,2026-04-14 18:09:36
SPOOFING,spoofer_003,BINANCE:BTCUSDT,16,19,0.8421052631578947,,,,2026-04-14 18:07:00,2026-04-14 18:09:00,2026-04-14 18:09:28
SPOOFING,spoofer_002,TSLA,15,18,0.8333333333333334,,,,2026-04-14 18:07:00,2026-04-14 18:09:00,2026-04-14 18:09:28
SPOOFING,spoofer_002,TSLA,11,13,0.8461538461538461,,,,2026-04-14 18:06:30,2026-04-14 18:08:30,2026-04-14 18:08:50
SPOOFING,spoofer_003,BINANCE:BTCUSDT,16,19,0.8421052631578947,,,,2026-04-14 18:06:30,2026-04-14 18:08:30,2026-04-14 18:08:50
SPOOFING,spoofer_002,TSLA,11,13,0.8461538461538461,,,,2026-04-14 18:06:00,2026-04-14 18:08:00,2026-04-14 18:08:50
SPOOFING,spoofer_003,BINANCE:BTCUSDT,16,19,0.8421052631578947,,,,2026-04-14 18:06:00,2026-04-14 18:08:00,2026-04-14 18:08:50
SPOOFING,spoofer_003,BINANCE:BTCUSDT,13,15,0.8666666666666667,,,,2026-04-14 18:05:30,2026-04-14 18:07:30,2026-04-14 18:07:53
SPOOFING,spoofer_002,TSLA,17,21,0.8095238095238095,,,,2026-04-14 18:05:00,2026-04-14 18:07:00,2026-04-14 18:07:25
SPOOFING,spoofer_002,TSLA,23,28,0.8214285714285714,,,,2026-04-14 18:04:30,2026-04-14 18:06:30,2026-04-14 18:07:25
SPOOFING,spoofer_002,TSLA,23,28,0.8214285714285714,,,,2026-04-14 18:04:00,2026-04-14 18:06:00,2026-04-14 18:07:25
SPOOFING,spoofer_002,TSLA,33,40,0.825,,,,2026-04-14 18:03:30,2026-04-14 18:05:30,2026-04-14 18:07:25
SPOOFING,spoofer_003,BINANCE:BTCUSDT,34,42,0.8095238095238095,,,,2026-04-14 18:03:30,2026-04-14 18:05:30,2026-04-14 18:07:25
SPOOFING,spoofer_002,TSLA,20,24,0.8333333333333334,,,,2026-04-14 18:03:00,2026-04-14 18:05:00,2026-04-14 18:05:13
SPOOFING,spoofer_003,BINANCE:BTCUSDT,19,23,0.8260869565217391,,,,2026-04-14 18:03:00,2026-04-14 18:05:00,2026-04-14 18:05:13
SPOOFING,spoofer_003,BINANCE:BTCUSDT,22,26,0.8461538461538461,,,,2026-04-14 18:02:30,2026-04-14 18:04:30,2026-04-14 18:05:00
SPOOFING,spoofer_002,TSLA,20,24,0.8333333333333334,,,,2026-04-14 18:02:30,2026-04-14 18:04:30,2026-04-14 18:05:00
SPOOFING,spoofer_002,TSLA,20,24,0.8333333333333334,,,,2026-04-14 18:02:00,2026-04-14 18:04:00,2026-04-14 18:05:00
SPOOFING,spoofer_003,BINANCE:BTCUSDT,22,26,0.8461538461538461,,,,2026-04-14 18:02:00,2026-04-14 18:04:00,2026-04-14 18:05:00
SPOOFING,spoofer_002,TSLA,15,18,0.8333333333333334,,,,2026-04-14 18:01:30,2026-04-14 18:03:30,2026-04-14 18:03:51
SPOOFING,spoofer_003,BINANCE:BTCUSDT,18,22,0.8181818181818182,,,,2026-04-14 18:01:30,2026-04-14 18:03:30,2026-04-14 18:03:51
SPOOFING,spoofer_003,BINANCE:BTCUSDT,29,35,0.8285714285714286,,,,2026-04-14 18:01:00,2026-04-14 18:03:00,2026-04-14 18:03:35
SPOOFING,spoofer_002,TSLA,21,25,0.84,,,,2026-04-14 18:01:00,2026-04-14 18:03:00,2026-04-14 18:03:35
SPOOFING,spoofer_003,BINANCE:BTCUSDT,21,26,0.8076923076923077,,,,2026-04-14 18:00:30,2026-04-14 18:02:30,2026-04-14 18:02:52
SPOOFING,spoofer_002,TSLA,15,18,0.8333333333333334,,,,2026-04-14 18:00:30,2026-04-14 18:02:30,2026-04-14 18:02:52
SPOOFING,spoofer_003,BINANCE:BTCUSDT,21,26,0.8076923076923077,,,,2026-04-14 18:00:00,2026-04-14 18:02:00,2026-04-14 18:02:52
SPOOFING,spoofer_002,TSLA,15,18,0.8333333333333334,,,,2026-04-14 18:00:00,2026-04-14 18:02:00,2026-04-14 18:02:52
SPOOFING,spoofer_003,BINANCE:BTCUSDT,28,34,0.8235294117647058,,,,2026-04-14 17:59:30,2026-04-14 18:01:30,2026-04-14 18:02:42
SPOOFING,spoofer_003,BINANCE:BTCUSDT,37,44,0.8409090909090909,,,,2026-04-14 17:59:00,2026-04-14 18:01:00,2026-04-14 18:01:07
SPOOFING,spoofer_003,BINANCE:BTCUSDT,37,44,0.8409090909090909,,,,2026-04-14 17:58:30,2026-04-14 18:00:30,2026-04-14 18:01:07
SPOOFING,spoofer_003,BINANCE:BTCUSDT,42,50,0.84,,,,2026-04-14 17:58:00,2026-04-14 18:00:00,2026-04-14 18:01:07
SPOOFING,spoofer_003,BINANCE:BTCUSDT,27,32,0.84375,,,,2026-04-14 17:57:30,2026-04-14 17:59:30,2026-04-14 18:01:07
SPOOFING,spoofer_003,BINANCE:BTCUSDT,15,18,0.8333333333333334,,,,2026-04-14 17:56:30,2026-04-14 17:58:30,2026-04-14 17:59:17
SPOOFING,spoofer_003,BINANCE:BTCUSDT,19,22,0.8636363636363636,,,,2026-04-14 17:55:30,2026-04-14 17:57:30,2026-04-14 17:57:55
SPOOFING,spoofer_003,BINANCE:BTCUSDT,19,22,0.8636363636363636,,,,2026-04-14 17:55:00,2026-04-14 17:57:00,2026-04-14 17:57:55
SPOOFING,spoofer_003,BINANCE:BTCUSDT,11,13,0.8461538461538461,,,,2026-04-14 17:54:30,2026-04-14 17:56:30,2026-04-14 17:56:39
SPOOFING,spoofer_003,BINANCE:BTCUSDT,11,13,0.8461538461538461,,,,2026-04-14 17:54:00,2026-04-14 17:56:00,2026-04-14 17:56:39
SPOOFING,spoofer_002,TSLA,17,20,0.85,,,,2026-04-14 17:53:30,2026-04-14 17:55:30,2026-04-14 17:55:46
SPOOFING,spoofer_002,TSLA,17,20,0.85,,,,2026-04-14 17:53:00,2026-04-14 17:55:00,2026-04-14 17:55:46
SPOOFING,spoofer_003,BINANCE:BTCUSDT,22,26,0.8461538461538461,,,,2026-04-14 17:52:30,2026-04-14 17:54:30,2026-04-14 17:55:46
SPOOFING,spoofer_002,TSLA,20,24,0.8333333333333334,,,,2026-04-14 17:52:30,2026-04-14 17:54:30,2026-04-14 17:55:46
SPOOFING,spoofer_003,BINANCE:BTCUSDT,39,46,0.8478260869565217,,,,2026-04-14 17:52:00,2026-04-14 17:54:00,2026-04-14 17:55:46
SPOOFING,spoofer_002,TSLA,29,35,0.8285714285714286,,,,2026-04-14 17:52:00,2026-04-14 17:54:00,2026-04-14 17:55:46
SPOOFING,spoofer_003,BINANCE:BTCUSDT,35,41,0.8536585365853658,,,,2026-04-14 17:51:30,2026-04-14 17:53:30,2026-04-14 17:55:04
SPOOFING,spoofer_003,BINANCE:BTCUSDT,53,62,0.8548387096774194,,,,2026-04-14 17:51:00,2026-04-14 17:53:00,2026-04-14 17:55:04
SPOOFING,spoofer_003,BINANCE:BTCUSDT,35,41,0.8536585365853658,,,,2026-04-14 17:50:30,2026-04-14 17:52:30,2026-04-14 17:52:45
SPOOFING,spoofer_003,BINANCE:BTCUSDT,18,21,0.8571428571428571,,,,2026-04-14 17:50:00,2026-04-14 17:52:00,2026-04-14 17:52:11
SPOOFING,spoofer_003,BINANCE:BTCUSDT,18,21,0.8571428571428571,,,,2026-04-14 17:49:30,2026-04-14 17:51:30,2026-04-14 17:52:11
SPOOFING,spoofer_002,TSLA,19,23,0.8260869565217391,,,,2026-04-14 17:48:00,2026-04-14 17:50:00,2026-04-14 17:50:56
SPOOFING,spoofer_001,AAPL,13,16,0.8125,,,,2026-04-14 17:48:00,2026-04-14 17:50:00,2026-04-14 17:50:56
SPOOFING,spoofer_003,BINANCE:BTCUSDT,18,22,0.8181818181818182,,,,2026-04-14 17:48:00,2026-04-14 17:50:00,2026-04-14 17:50:56
SPOOFING,spoofer_002,TSLA,19,23,0.8260869565217391,,,,2026-04-14 17:47:30,2026-04-14 17:49:30,2026-04-14 17:50:56
SPOOFING,spoofer_001,AAPL,13,16,0.8125,,,,2026-04-14 17:47:30,2026-04-14 17:49:30,2026-04-14 17:50:56
SPOOFING,spoofer_003,BINANCE:BTCUSDT,18,22,0.8181818181818182,,,,2026-04-14 17:47:30,2026-04-14 17:49:30,2026-04-14 17:50:56
SPOOFING,spoofer_002,TSLA,19,23,0.8260869565217391,,,,2026-04-14 17:47:00,2026-04-14 17:49:00,2026-04-14 17:50:56
SPOOFING,spoofer_003,BINANCE:BTCUSDT,18,22,0.8181818181818182,,,,2026-04-14 17:47:00,2026-04-14 17:49:00,2026-04-14 17:50:56
SPOOFING,spoofer_001,AAPL,13,16,0.8125,,,,2026-04-14 17:47:00,2026-04-14 17:49:00,2026-04-14 17:50:56
SPOOFING,spoofer_002,TSLA,23,28,0.8214285714285714,,,,2026-04-14 17:46:30,2026-04-14 17:48:30,2026-04-14 17:49:00
SPOOFING,spoofer_003,BINANCE:BTCUSDT,15,18,0.8333333333333334,,,,2026-04-14 17:46:00,2026-04-14 17:48:00,2026-04-14 17:48:19
SPOOFING,spoofer_001,AAPL,21,25,0.84,,,,2026-04-14 17:45:30,2026-04-14 17:47:30,2026-04-14 17:48:04
SPOOFING,spoofer_003,BINANCE:BTCUSDT,15,18,0.8333333333333334,,,,2026-04-14 17:45:30,2026-04-14 17:47:30,2026-04-14 17:48:04
SPOOFING,spoofer_002,TSLA,17,21,0.8095238095238095,,,,2026-04-14 17:45:30,2026-04-14 17:47:30,2026-04-14 17:48:04
SPOOFING,spoofer_002,TSLA,24,29,0.8275862068965517,,,,2026-04-14 17:45:00,2026-04-14 17:47:00,2026-04-14 17:48:04
SPOOFING,spoofer_003,BINANCE:BTCUSDT,36,43,0.8372093023255814,,,,2026-04-14 17:45:00,2026-04-14 17:47:00,2026-04-14 17:48:04
SPOOFING,spoofer_001,AAPL,21,25,0.84,,,,2026-04-14 17:45:00,2026-04-14 17:47:00,2026-04-14 17:48:04
SPOOFING,spoofer_001,AAPL,28,34,0.8235294117647058,,,,2026-04-14 17:44:30,2026-04-14 17:46:30,2026-04-14 17:46:49
SPOOFING,spoofer_002,TSLA,34,41,0.8292682926829268,,,,2026-04-14 17:44:30,2026-04-14 17:46:30,2026-04-14 17:46:49
SPOOFING,spoofer_003,BINANCE:BTCUSDT,39,47,0.8297872340425532,,,,2026-04-14 17:44:30,2026-04-14 17:46:30,2026-04-14 17:46:49
SPOOFING,spoofer_001,AAPL,21,26,0.8076923076923077,,,,2026-04-14 17:44:00,2026-04-14 17:46:00,2026-04-14 17:46:06
SPOOFING,spoofer_003,BINANCE:BTCUSDT,39,47,0.8297872340425532,,,,2026-04-14 17:44:00,2026-04-14 17:46:00,2026-04-14 17:46:06
SPOOFING,spoofer_002,TSLA,32,38,0.8421052631578947,,,,2026-04-14 17:44:00,2026-04-14 17:46:00,2026-04-14 17:46:06
SPOOFING,spoofer_002,TSLA,49,59,0.8305084745762712,,,,2026-04-14 17:43:30,2026-04-14 17:45:30,2026-04-14 17:46:02
SPOOFING,spoofer_003,BINANCE:BTCUSDT,51,61,0.8360655737704918,,,,2026-04-14 17:43:30,2026-04-14 17:45:30,2026-04-14 17:46:02
SPOOFING,spoofer_003,BINANCE:BTCUSDT,30,36,0.8333333333333334,,,,2026-04-14 17:43:00,2026-04-14 17:45:00,2026-04-14 17:46:02
SPOOFING,spoofer_002,TSLA,42,51,0.8235294117647058,,,,2026-04-14 17:43:00,2026-04-14 17:45:00,2026-04-14 17:46:02
SPOOFING,spoofer_002,TSLA,28,34,0.8235294117647058,,,,2026-04-14 17:42:30,2026-04-14 17:44:30,2026-04-14 17:44:45
SPOOFING,spoofer_003,BINANCE:BTCUSDT,23,27,0.8518518518518519,,,,2026-04-14 17:42:30,2026-04-14 17:44:30,2026-04-14 17:44:45
SPOOFING,spoofer_003,BINANCE:BTCUSDT,26,32,0.8125,,,,2026-04-14 17:42:00,2026-04-14 17:44:00,2026-04-14 17:44:08
SPOOFING,spoofer_002,TSLA,23,28,0.8214285714285714,,,,2026-04-14 17:42:00,2026-04-14 17:44:00,2026-04-14 17:44:08
SPOOFING,spoofer_001,AAPL,12,14,0.8571428571428571,,,,2026-04-14 17:41:30,2026-04-14 17:43:30,2026-04-14 17:43:40
SPOOFING,spoofer_001,AAPL,12,14,0.8571428571428571,,,,2026-04-14 17:41:00,2026-04-14 17:43:00,2026-04-14 17:43:40
SPOOFING,spoofer_001,AAPL,12,14,0.8571428571428571,,,,2026-04-14 17:40:30,2026-04-14 17:42:30,2026-04-14 17:42:48
SPOOFING,spoofer_002,TSLA,13,15,0.8666666666666667,,,,2026-04-14 17:40:00,2026-04-14 17:42:00,2026-04-14 17:42:07
SPOOFING,spoofer_003,BINANCE:BTCUSDT,23,28,0.8214285714285714,,,,2026-04-14 17:40:00,2026-04-14 17:42:00,2026-04-14 17:42:07
SPOOFING,spoofer_003,BINANCE:BTCUSDT,18,22,0.8181818181818182,,,,2026-04-14 17:39:30,2026-04-14 17:41:30,2026-04-14 17:41:57
SPOOFING,spoofer_002,TSLA,13,15,0.8666666666666667,,,,2026-04-14 17:39:30,2026-04-14 17:41:30,2026-04-14 17:41:57
SPOOFING,spoofer_003,BINANCE:BTCUSDT,18,22,0.8181818181818182,,,,2026-04-14 17:39:00,2026-04-14 17:41:00,2026-04-14 17:41:57
SPOOFING,spoofer_002,TSLA,13,15,0.8666666666666667,,,,2026-04-14 17:39:00,2026-04-14 17:41:00,2026-04-14 17:41:57
SPOOFING,spoofer_002,TSLA,28,33,0.8484848484848485,,,,2026-04-14 17:38:30,2026-04-14 17:40:30,2026-04-14 17:41:57
SPOOFING,spoofer_003,BINANCE:BTCUSDT,38,46,0.8260869565217391,,,,2026-04-14 17:38:30,2026-04-14 17:40:30,2026-04-14 17:41:57
SPOOFING,spoofer_002,TSLA,28,33,0.8484848484848485,,,,2026-04-14 17:38:00,2026-04-14 17:40:00,2026-04-14 17:40:07
SPOOFING,spoofer_003,BINANCE:BTCUSDT,47,56,0.8392857142857143,,,,2026-04-14 17:38:00,2026-04-14 17:40:00,2026-04-14 17:40:07
SPOOFING,spoofer_001,AAPL,15,17,0.8823529411764706,,,,2026-04-14 17:37:30,2026-04-14 17:39:30,2026-04-14 17:39:48
SPOOFING,spoofer_002,TSLA,24,29,0.8275862068965517,,,,2026-04-14 17:37:30,2026-04-14 17:39:30,2026-04-14 17:39:48
SPOOFING,spoofer_003,BINANCE:BTCUSDT,56,68,0.8235294117647058,,,,2026-04-14 17:37:30,2026-04-14 17:39:30,2026-04-14 17:39:48
SPOOFING,spoofer_002,TSLA,24,29,0.8275862068965517,,,,2026-04-14 17:37:00,2026-04-14 17:39:00,2026-04-14 17:39:48
SPOOFING,spoofer_001,AAPL,15,17,0.8823529411764706,,,,2026-04-14 17:37:00,2026-04-14 17:39:00,2026-04-14 17:39:48
SPOOFING,spoofer_003,BINANCE:BTCUSDT,65,79,0.8227848101265823,,,,2026-04-14 17:37:00,2026-04-14 17:39:00,2026-04-14 17:39:48
SPOOFING,spoofer_001,AAPL,15,17,0.8823529411764706,,,,2026-04-14 17:36:30,2026-04-14 17:38:30,2026-04-14 17:38:41
SPOOFING,spoofer_003,BINANCE:BTCUSDT,45,55,0.8181818181818182,,,,2026-04-14 17:36:30,2026-04-14 17:38:30,2026-04-14 17:38:41
SPOOFING,spoofer_001,AAPL,13,15,0.8666666666666667,,,,2026-04-14 17:34:30,2026-04-14 17:36:30,2026-04-14 17:37:36
SPOOFING,spoofer_001,AAPL,13,15,0.8666666666666667,,,,2026-04-14 17:34:00,2026-04-14 17:36:00,2026-04-14 17:36:12
SPOOFING,spoofer_001,AAPL,13,15,0.8666666666666667,,,,2026-04-14 17:33:30,2026-04-14 17:35:30,2026-04-14 17:36:12
SPOOFING,spoofer_002,TSLA,17,20,0.85,,,,2026-04-14 17:33:00,2026-04-14 17:35:00,2026-04-14 17:35:21
SPOOFING,spoofer_002,TSLA,25,30,0.8333333333333334,,,,2026-04-14 17:32:30,2026-04-14 17:34:30,2026-04-14 17:35:21
SPOOFING,spoofer_002,TSLA,25,30,0.8333333333333334,,,,2026-04-14 17:32:00,2026-04-14 17:34:00,2026-04-14 17:35:21
SPOOFING,spoofer_002,TSLA,25,30,0.8333333333333334,,,,2026-04-14 17:31:30,2026-04-14 17:33:30,2026-04-14 17:35:21
SPOOFING,spoofer_002,TSLA,13,15,0.8666666666666667,,,,2026-04-14 17:27:00,2026-04-14 17:29:00,2026-04-14 17:29:54
SPOOFING,spoofer_002,TSLA,13,15,0.8666666666666667,,,,2026-04-14 17:26:30,2026-04-14 17:28:30,2026-04-14 17:29:54
SPOOFING,spoofer_002,TSLA,13,15,0.8666666666666667,,,,2026-04-14 17:26:00,2026-04-14 17:28:00,2026-04-14 17:29:54
SPOOFING,spoofer_002,TSLA,13,15,0.8666666666666667,,,,2026-04-14 17:25:30,2026-04-14 17:27:30,2026-04-14 17:29:54
SPOOFING,spoofer_003,BINANCE:BTCUSDT,16,19,0.8421052631578947,,,,2026-04-14 17:15:30,2026-04-14 17:17:30,2026-04-14 17:27:19
SPOOFING,spoofer_001,AAPL,11,13,0.8461538461538461,,,,2026-04-14 17:15:30,2026-04-14 17:17:30,2026-04-14 17:27:19
SPOOFING,spoofer_003,BINANCE:BTCUSDT,16,19,0.8421052631578947,,,,2026-04-14 17:15:00,2026-04-14 17:17:00,2026-04-14 17:27:19
SPOOFING,spoofer_001,AAPL,11,13,0.8461538461538461,,,,2026-04-14 17:15:00,2026-04-14 17:17:00,2026-04-14 17:27:19
SPOOFING,spoofer_001,AAPL,11,13,0.8461538461538461,,,,2026-04-14 17:14:30,2026-04-14 17:16:30,2026-04-14 17:16:50
SPOOFING,spoofer_002,TSLA,16,19,0.8421052631578947,,,,2026-04-14 17:08:30,2026-04-14 17:10:30,2026-04-14 17:10:44
SPOOFING,spoofer_002,TSLA,28,34,0.8235294117647058,,,,2026-04-14 17:08:00,2026-04-14 17:10:00,2026-04-14 17:10:30
SPOOFING,spoofer_002,TSLA,28,34,0.8235294117647058,,,,2026-04-14 17:07:30,2026-04-14 17:09:30,2026-04-14 17:10:30
SPOOFING,spoofer_001,AAPL,25,31,0.8064516129032258,,,,2026-04-14 17:07:30,2026-04-14 17:09:30,2026-04-14 17:10:30
SPOOFING,spoofer_002,TSLA,32,39,0.8205128205128205,,,,2026-04-14 17:07:00,2026-04-14 17:09:00,2026-04-14 17:10:30
SPOOFING,spoofer_001,AAPL,30,37,0.8108108108108109,,,,2026-04-14 17:07:00,2026-04-14 17:09:00,2026-04-14 17:10:30
SPOOFING,spoofer_003,BINANCE:BTCUSDT,13,16,0.8125,,,,2026-04-14 17:06:30,2026-04-14 17:08:30,2026-04-14 17:08:58
SPOOFING,spoofer_001,AAPL,21,26,0.8076923076923077,,,,2026-04-14 17:06:30,2026-04-14 17:08:30,2026-04-14 17:08:58
SPOOFING,spoofer_003,BINANCE:BTCUSDT,12,14,0.8571428571428571,,,,2026-04-14 17:06:00,2026-04-14 17:08:00,2026-04-14 17:08:13
SPOOFING,spoofer_003,BINANCE:BTCUSDT,21,24,0.875,,,,2026-04-14 17:04:30,2026-04-14 17:06:30,2026-04-14 17:07:58
SPOOFING,spoofer_001,AAPL,13,15,0.8666666666666667,,,,2026-04-14 17:04:30,2026-04-14 17:06:30,2026-04-14 17:07:58
SPOOFING,spoofer_002,TSLA,30,37,0.8108108108108109,,,,2026-04-14 17:04:00,2026-04-14 17:06:00,2026-04-14 17:07:58
SPOOFING,spoofer_003,BINANCE:BTCUSDT,31,36,0.8611111111111112,,,,2026-04-14 17:04:00,2026-04-14 17:06:00,2026-04-14 17:07:58
SPOOFING,spoofer_001,AAPL,15,18,0.8333333333333334,,,,2026-04-14 17:04:00,2026-04-14 17:06:00,2026-04-14 17:07:58
SPOOFING,spoofer_001,AAPL,15,18,0.8333333333333334,,,,2026-04-14 17:03:30,2026-04-14 17:05:30,2026-04-14 17:07:58
SPOOFING,spoofer_002,TSLA,30,37,0.8108108108108109,,,,2026-04-14 17:03:30,2026-04-14 17:05:30,2026-04-14 17:07:58
SPOOFING,spoofer_003,BINANCE:BTCUSDT,31,36,0.8611111111111112,,,,2026-04-14 17:03:30,2026-04-14 17:05:30,2026-04-14 17:07:58
SPOOFING,spoofer_001,AAPL,15,18,0.8333333333333334,,,,2026-04-14 17:03:00,2026-04-14 17:05:00,2026-04-14 17:07:58
SPOOFING,spoofer_002,TSLA,30,37,0.8108108108108109,,,,2026-04-14 17:03:00,2026-04-14 17:05:00,2026-04-14 17:07:58
SPOOFING,spoofer_003,BINANCE:BTCUSDT,31,36,0.8611111111111112,,,,2026-04-14 17:03:00,2026-04-14 17:05:00,2026-04-14 17:07:58
SPOOFING,spoofer_003,BINANCE:BTCUSDT,17,20,0.85,,,,2026-04-14 17:02:30,2026-04-14 17:04:30,2026-04-14 17:04:38
SPOOFING,spoofer_003,BINANCE:BTCUSDT,11,13,0.8461538461538461,,,,2026-04-14 17:02:00,2026-04-14 17:04:00,2026-04-14 17:04:35
SPOOFING,spoofer_003,BINANCE:BTCUSDT,11,13,0.8461538461538461,,,,2026-04-14 17:01:30,2026-04-14 17:03:30,2026-04-14 17:04:35
SPOOFING,spoofer_003,BINANCE:BTCUSDT,11,13,0.8461538461538461,,,,2026-04-14 17:01:00,2026-04-14 17:03:00,2026-04-14 17:04:35
SPOOFING,spoofer_003,BINANCE:BTCUSDT,17,20,0.85,,,,2026-04-14 17:00:30,2026-04-14 17:02:30,2026-04-14 17:04:35
SPOOFING,spoofer_002,TSLA,23,28,0.8214285714285714,,,,2026-04-14 17:00:00,2026-04-14 17:02:00,2026-04-14 17:02:10
SPOOFING,spoofer_002,TSLA,23,28,0.8214285714285714,,,,2026-04-14 16:59:30,2026-04-14 17:01:30,2026-04-14 17:02:10
SPOOFING,spoofer_002,TSLA,23,28,0.8214285714285714,,,,2026-04-14 16:59:00,2026-04-14 17:01:00,2026-04-14 17:02:10
SPOOFING,spoofer_002,TSLA,41,50,0.82,,,,2026-04-14 16:58:30,2026-04-14 17:00:30,2026-04-14 17:02:10
SPOOFING,spoofer_001,AAPL,25,30,0.8333333333333334,,,,2026-04-14 16:58:30,2026-04-14 17:00:30,2026-04-14 17:02:10
SPOOFING,spoofer_002,TSLA,18,22,0.8181818181818182,,,,2026-04-14 16:58:00,2026-04-14 17:00:00,2026-04-14 17:00:19
SPOOFING,spoofer_001,AAPL,18,21,0.8571428571428571,,,,2026-04-14 16:58:00,2026-04-14 17:00:00,2026-04-14 17:00:19
SPOOFING,spoofer_001,AAPL,18,21,0.8571428571428571,,,,2026-04-14 16:57:30,2026-04-14 16:59:30,2026-04-14 17:00:19
SPOOFING,spoofer_002,TSLA,18,22,0.8181818181818182,,,,2026-04-14 16:57:30,2026-04-14 16:59:30,2026-04-14 17:00:19
SPOOFING,spoofer_001,AAPL,26,30,0.8666666666666667,,,,2026-04-14 16:57:00,2026-04-14 16:59:00,2026-04-14 17:00:19
SPOOFING,spoofer_002,TSLA,18,22,0.8181818181818182,,,,2026-04-14 16:57:00,2026-04-14 16:59:00,2026-04-14 17:00:19
SPOOFING,spoofer_003,BINANCE:BTCUSDT,21,25,0.84,,,,2026-04-14 16:57:00,2026-04-14 16:59:00,2026-04-14 17:00:19
SPOOFING,spoofer_003,BINANCE:BTCUSDT,15,18,0.8333333333333334,,,,2026-04-14 16:56:30,2026-04-14 16:58:30,2026-04-14 16:58:42
SPOOFING,spoofer_003,BINANCE:BTCUSDT,15,18,0.8333333333333334,,,,2026-04-14 16:56:00,2026-04-14 16:58:00,2026-04-14 16:58:42
SPOOFING,spoofer_002,TSLA,16,19,0.8421052631578947,,,,2026-04-14 16:55:30,2026-04-14 16:57:30,2026-04-14 16:58:42
SPOOFING,spoofer_001,AAPL,18,21,0.8571428571428571,,,,2026-04-14 16:55:30,2026-04-14 16:57:30,2026-04-14 16:58:42
SPOOFING,spoofer_003,BINANCE:BTCUSDT,26,31,0.8387096774193549,,,,2026-04-14 16:55:30,2026-04-14 16:57:30,2026-04-14 16:58:42
SPOOFING,spoofer_001,AAPL,16,19,0.8421052631578947,,,,2026-04-14 16:55:00,2026-04-14 16:57:00,2026-04-14 16:57:25
SPOOFING,spoofer_003,BINANCE:BTCUSDT,17,20,0.85,,,,2026-04-14 16:55:00,2026-04-14 16:57:00,2026-04-14 16:57:25
SPOOFING,spoofer_002,TSLA,34,40,0.85,,,,2026-04-14 16:55:00,2026-04-14 16:57:00,2026-04-14 16:57:25
SPOOFING,spoofer_001,AAPL,16,19,0.8421052631578947,,,,2026-04-14 16:54:30,2026-04-14 16:56:30,2026-04-14 16:57:25
SPOOFING,spoofer_003,BINANCE:BTCUSDT,25,29,0.8620689655172413,,,,2026-04-14 16:54:30,2026-04-14 16:56:30,2026-04-14 16:57:25
SPOOFING,spoofer_002,TSLA,43,51,0.8431372549019608,,,,2026-04-14 16:54:30,2026-04-14 16:56:30,2026-04-14 16:57:25
SPOOFING,spoofer_003,BINANCE:BTCUSDT,25,29,0.8620689655172413,,,,2026-04-14 16:54:00,2026-04-14 16:56:00,2026-04-14 16:57:25
SPOOFING,spoofer_001,AAPL,16,19,0.8421052631578947,,,,2026-04-14 16:54:00,2026-04-14 16:56:00,2026-04-14 16:57:25
SPOOFING,spoofer_002,TSLA,43,51,0.8431372549019608,,,,2026-04-14 16:54:00,2026-04-14 16:56:00,2026-04-14 16:57:25
SPOOFING,spoofer_003,BINANCE:BTCUSDT,14,16,0.875,,,,2026-04-14 16:53:30,2026-04-14 16:55:30,2026-04-14 16:55:40
SPOOFING,spoofer_002,TSLA,31,37,0.8378378378378378,,,,2026-04-14 16:53:30,2026-04-14 16:55:30,2026-04-14 16:55:40
SPOOFING,spoofer_002,TSLA,13,16,0.8125,,,,2026-04-14 16:53:00,2026-04-14 16:55:00,2026-04-14 16:55:06
SPOOFING,spoofer_001,AAPL,17,20,0.85,,,,2026-04-14 16:52:30,2026-04-14 16:54:30,2026-04-14 16:54:51
SPOOFING,spoofer_003,BINANCE:BTCUSDT,15,18,0.8333333333333334,,,,2026-04-14 16:52:00,2026-04-14 16:54:00,2026-04-14 16:54:51
SPOOFING,spoofer_001,AAPL,22,26,0.8461538461538461,,,,2026-04-14 16:52:00,2026-04-14 16:54:00,2026-04-14 16:54:51
SPOOFING,spoofer_002,TSLA,24,29,0.8275862068965517,,,,2026-04-14 16:51:30,2026-04-14 16:53:30,2026-04-14 16:54:51
SPOOFING,spoofer_003,BINANCE:BTCUSDT,34,41,0.8292682926829268,,,,2026-04-14 16:51:30,2026-04-14 16:53:30,2026-04-14 16:54:51
SPOOFING,spoofer_001,AAPL,31,37,0.8378378378378378,,,,2026-04-14 16:51:30,2026-04-14 16:53:30,2026-04-14 16:54:51
SPOOFING,spoofer_001,AAPL,29,34,0.8529411764705882,,,,2026-04-14 16:51:00,2026-04-14 16:53:00,2026-04-14 16:53:27
SPOOFING,spoofer_003,BINANCE:BTCUSDT,41,49,0.8367346938775511,,,,2026-04-14 16:51:00,2026-04-14 16:53:00,2026-04-14 16:53:27
SPOOFING,spoofer_002,TSLA,39,48,0.8125,,,,2026-04-14 16:51:00,2026-04-14 16:53:00,2026-04-14 16:53:27
SPOOFING,spoofer_003,BINANCE:BTCUSDT,53,63,0.8412698412698413,,,,2026-04-14 16:50:30,2026-04-14 16:52:30,2026-04-14 16:53:27
SPOOFING,spoofer_002,TSLA,52,64,0.8125,,,,2026-04-14 16:50:30,2026-04-14 16:52:30,2026-04-14 16:53:27
SPOOFING,spoofer_001,AAPL,34,41,0.8292682926829268,,,,2026-04-14 16:50:30,2026-04-14 16:52:30,2026-04-14 16:53:27
SPOOFING,spoofer_002,TSLA,40,49,0.8163265306122449,,,,2026-04-14 16:50:00,2026-04-14 16:52:00,2026-04-14 16:53:19
SPOOFING,spoofer_003,BINANCE:BTCUSDT,38,45,0.8444444444444444,,,,2026-04-14 16:50:00,2026-04-14 16:52:00,2026-04-14 16:53:19
SPOOFING,spoofer_001,AAPL,29,35,0.8285714285714286,,,,2026-04-14 16:50:00,2026-04-14 16:52:00,2026-04-14 16:53:19
SPOOFING,spoofer_003,BINANCE:BTCUSDT,26,30,0.8666666666666667,,,,2026-04-14 16:49:30,2026-04-14 16:51:30,2026-04-14 16:51:45
SPOOFING,spoofer_002,TSLA,35,43,0.813953488372093,,,,2026-04-14 16:49:30,2026-04-14 16:51:30,2026-04-14 16:51:45
SPOOFING,spoofer_001,AAPL,20,24,0.8333333333333334,,,,2026-04-14 16:49:30,2026-04-14 16:51:30,2026-04-14 16:51:45
SPOOFING,spoofer_002,TSLA,20,24,0.8333333333333334,,,,2026-04-14 16:49:00,2026-04-14 16:51:00,2026-04-14 16:51:11
SPOOFING,spoofer_001,AAPL,13,16,0.8125,,,,2026-04-14 16:49:00,2026-04-14 16:51:00,2026-04-14 16:51:11
SPOOFING,spoofer_003,BINANCE:BTCUSDT,19,22,0.8636363636363636,,,,2026-04-14 16:49:00,2026-04-14 16:51:00,2026-04-14 16:51:11
SPOOFING,spoofer_003,BINANCE:BTCUSDT,12,14,0.8571428571428571,,,,2026-04-14 16:48:00,2026-04-14 16:50:00,2026-04-14 16:50:46
SPOOFING,spoofer_001,AAPL,16,19,0.8421052631578947,,,,2026-04-14 16:46:00,2026-04-14 16:48:00,2026-04-14 16:49:36
SPOOFING,spoofer_002,TSLA,35,41,0.8536585365853658,,,,2026-04-14 16:45:30,2026-04-14 16:47:30,2026-04-14 16:49:36
SPOOFING,spoofer_003,BINANCE:BTCUSDT,14,17,0.8235294117647058,,,,2026-04-14 16:45:30,2026-04-14 16:47:30,2026-04-14 16:49:36
SPOOFING,spoofer_001,AAPL,46,54,0.8518518518518519,,,,2026-04-14 16:45:30,2026-04-14 16:47:30,2026-04-14 16:49:36
SPOOFING,spoofer_002,TSLA,44,53,0.8301886792452831,,,,2026-04-14 16:45:00,2026-04-14 16:47:00,2026-04-14 16:47:32
SPOOFING,spoofer_001,AAPL,49,58,0.8448275862068966,,,,2026-04-14 16:45:00,2026-04-14 16:47:00,2026-04-14 16:47:32
SPOOFING,spoofer_003,BINANCE:BTCUSDT,21,25,0.84,,,,2026-04-14 16:45:00,2026-04-14 16:47:00,2026-04-14 16:47:32
SPOOFING,spoofer_002,TSLA,55,66,0.8333333333333334,,,,2026-04-14 16:44:30,2026-04-14 16:46:30,2026-04-14 16:47:32
SPOOFING,spoofer_003,BINANCE:BTCUSDT,24,29,0.8275862068965517,,,,2026-04-14 16:44:30,2026-04-14 16:46:30,2026-04-14 16:47:32
SPOOFING,spoofer_001,AAPL,50,60,0.8333333333333334,,,,2026-04-14 16:44:30,2026-04-14 16:46:30,2026-04-14 16:47:32
SPOOFING,spoofer_002,TSLA,48,58,0.8275862068965517,,,,2026-04-14 16:44:00,2026-04-14 16:46:00,2026-04-14 16:46:12
SPOOFING,spoofer_001,AAPL,34,41,0.8292682926829268,,,,2026-04-14 16:44:00,2026-04-14 16:46:00,2026-04-14 16:46:12
SPOOFING,spoofer_003,BINANCE:BTCUSDT,24,29,0.8275862068965517,,,,2026-04-14 16:44:00,2026-04-14 16:46:00,2026-04-14 16:46:12
SPOOFING,spoofer_003,BINANCE:BTCUSDT,15,18,0.8333333333333334,,,,2026-04-14 16:43:30,2026-04-14 16:45:30,2026-04-14 16:45:39
SPOOFING,spoofer_002,TSLA,18,21,0.8571428571428571,,,,2026-04-14 16:43:00,2026-04-14 16:45:00,2026-04-14 16:45:10
SPOOFING,spoofer_001,AAPL,20,23,0.8695652173913043,,,,2026-04-14 16:42:30,2026-04-14 16:44:30,2026-04-14 16:45:10
SPOOFING,spoofer_003,BINANCE:BTCUSDT,20,23,0.8695652173913043,,,,2026-04-14 16:42:30,2026-04-14 16:44:30,2026-04-14 16:45:10
SPOOFING,spoofer_002,TSLA,16,19,0.8421052631578947,,,,2026-04-14 16:42:30,2026-04-14 16:44:30,2026-04-14 16:45:10
SPOOFING,spoofer_002,TSLA,26,31,0.8387096774193549,,,,2026-04-14 16:42:00,2026-04-14 16:44:00,2026-04-14 16:44:30
SPOOFING,spoofer_001,AAPL,20,23,0.8695652173913043,,,,2026-04-14 16:42:00,2026-04-14 16:44:00,2026-04-14 16:44:30
SPOOFING,spoofer_003,BINANCE:BTCUSDT,19,22,0.8636363636363636,,,,2026-04-14 16:42:00,2026-04-14 16:44:00,2026-04-14 16:44:30
SPOOFING,spoofer_002,TSLA,26,31,0.8387096774193549,,,,2026-04-14 16:41:30,2026-04-14 16:43:30,2026-04-14 16:44:30
SPOOFING,spoofer_001,AAPL,20,23,0.8695652173913043,,,,2026-04-14 16:41:30,2026-04-14 16:43:30,2026-04-14 16:44:30
SPOOFING,spoofer_003,BINANCE:BTCUSDT,19,22,0.8636363636363636,,,,2026-04-14 16:41:30,2026-04-14 16:43:30,2026-04-14 16:44:30
SPOOFING,spoofer_002,TSLA,26,31,0.8387096774193549,,,,2026-04-14 16:41:00,2026-04-14 16:43:00,2026-04-14 16:43:15
SPOOFING,spoofer_003,BINANCE:BTCUSDT,19,22,0.8636363636363636,,,,2026-04-14 16:41:00,2026-04-14 16:43:00,2026-04-14 16:43:15
SPOOFING,spoofer_001,AAPL,20,23,0.8695652173913043,,,,2026-04-14 16:41:00,2026-04-14 16:43:00,2026-04-14 16:43:15
SPOOFING,spoofer_002,TSLA,17,20,0.85,,,,2026-04-14 16:40:30,2026-04-14 16:42:30,2026-04-14 16:42:49
SPOOFING,spoofer_001,AAPL,12,14,0.8571428571428571,,,,2026-04-14 16:40:30,2026-04-14 16:42:30,2026-04-14 16:42:49
SPOOFING,spoofer_001,AAPL,12,14,0.8571428571428571,,,,2026-04-14 16:40:00,2026-04-14 16:42:00,2026-04-14 16:42:17
SPOOFING,spoofer_001,AAPL,24,28,0.8571428571428571,,,,2026-04-14 16:39:30,2026-04-14 16:41:30,2026-04-14 16:42:17
SPOOFING,spoofer_002,TSLA,31,36,0.8611111111111112,,,,2026-04-14 16:39:30,2026-04-14 16:41:30,2026-04-14 16:42:17
SPOOFING,spoofer_003,BINANCE:BTCUSDT,21,25,0.84,,,,2026-04-14 16:39:00,2026-04-14 16:41:00,2026-04-14 16:41:25
SPOOFING,spoofer_002,TSLA,24,28,0.8571428571428571,,,,2026-04-14 16:39:00,2026-04-14 16:41:00,2026-04-14 16:41:25
SPOOFING,spoofer_001,AAPL,30,35,0.8571428571428571,,,,2026-04-14 16:39:00,2026-04-14 16:41:00,2026-04-14 16:41:25
SPOOFING,spoofer_001,AAPL,18,21,0.8571428571428571,,,,2026-04-14 16:38:30,2026-04-14 16:40:30,2026-04-14 16:40:36
SPOOFING,spoofer_003,BINANCE:BTCUSDT,15,18,0.8333333333333334,,,,2026-04-14 16:38:30,2026-04-14 16:40:30,2026-04-14 16:40:36
SPOOFING,spoofer_002,TSLA,24,28,0.8571428571428571,,,,2026-04-14 16:38:30,2026-04-14 16:40:30,2026-04-14 16:40:36
SPOOFING,spoofer_001,AAPL,22,26,0.8461538461538461,,,,2026-04-14 16:38:00,2026-04-14 16:40:00,2026-04-14 16:40:36
SPOOFING,spoofer_003,BINANCE:BTCUSDT,28,33,0.8484848484848485,,,,2026-04-14 16:38:00,2026-04-14 16:40:00,2026-04-14 16:40:36
SPOOFING,spoofer_002,TSLA,34,40,0.85,,,,2026-04-14 16:38:00,2026-04-14 16:40:00,2026-04-14 16:40:36
SPOOFING,spoofer_003,BINANCE:BTCUSDT,25,29,0.8620689655172413,,,,2026-04-14 16:37:30,2026-04-14 16:39:30,2026-04-14 16:39:39
SPOOFING,spoofer_002,TSLA,14,17,0.8235294117647058,,,,2026-04-14 16:37:00,2026-04-14 16:39:00,2026-04-14 16:39:39
SPOOFING,spoofer_003,BINANCE:BTCUSDT,19,22,0.8636363636363636,,,,2026-04-14 16:37:00,2026-04-14 16:39:00,2026-04-14 16:39:39
SPOOFING,spoofer_002,TSLA,22,27,0.8148148148148148,,,,2026-04-14 16:36:30,2026-04-14 16:38:30,2026-04-14 16:39:39
SPOOFING,spoofer_001,AAPL,14,17,0.8235294117647058,,,,2026-04-14 16:36:30,2026-04-14 16:38:30,2026-04-14 16:39:39
SPOOFING,spoofer_003,BINANCE:BTCUSDT,34,39,0.8717948717948718,,,,2026-04-14 16:36:30,2026-04-14 16:38:30,2026-04-14 16:39:39
SPOOFING,spoofer_003,BINANCE:BTCUSDT,21,24,0.875,,,,2026-04-14 16:36:00,2026-04-14 16:38:00,2026-04-14 16:38:11
SPOOFING,spoofer_003,BINANCE:BTCUSDT,21,24,0.875,,,,2026-04-14 16:35:30,2026-04-14 16:37:30,2026-04-14 16:37:55
SPOOFING,spoofer_003,BINANCE:BTCUSDT,15,17,0.8823529411764706,,,,2026-04-14 16:35:00,2026-04-14 16:37:00,2026-04-14 16:37:30
SPOOFING,spoofer_003,BINANCE:BTCUSDT,14,17,0.8235294117647058,,,,2026-04-14 16:33:30,2026-04-14 16:35:30,2026-04-14 16:36:35
SPOOFING,spoofer_002,TSLA,20,24,0.8333333333333334,,,,2026-04-14 16:33:00,2026-04-14 16:35:00,2026-04-14 16:36:35
SPOOFING,spoofer_003,BINANCE:BTCUSDT,38,46,0.8260869565217391,,,,2026-04-14 16:33:00,2026-04-14 16:35:00,2026-04-14 16:36:35
SPOOFING,spoofer_001,AAPL,13,16,0.8125,,,,2026-04-14 16:33:00,2026-04-14 16:35:00,2026-04-14 16:36:35
SPOOFING,spoofer_001,AAPL,13,16,0.8125,,,,2026-04-14 16:32:30,2026-04-14 16:34:30,2026-04-14 16:36:35
SPOOFING,spoofer_002,TSLA,25,30,0.8333333333333334,,,,2026-04-14 16:32:30,2026-04-14 16:34:30,2026-04-14 16:36:35
SPOOFING,spoofer_003,BINANCE:BTCUSDT,44,53,0.8301886792452831,,,,2026-04-14 16:32:30,2026-04-14 16:34:30,2026-04-14 16:36:35
SPOOFING,spoofer_001,AAPL,26,31,0.8387096774193549,,,,2026-04-14 16:32:00,2026-04-14 16:34:00,2026-04-14 16:36:35
SPOOFING,spoofer_002,TSLA,40,49,0.8163265306122449,,,,2026-04-14 16:32:00,2026-04-14 16:34:00,2026-04-14 16:36:35
SPOOFING,spoofer_003,BINANCE:BTCUSDT,62,74,0.8378378378378378,,,,2026-04-14 16:32:00,2026-04-14 16:34:00,2026-04-14 16:36:35
SPOOFING,spoofer_001,AAPL,16,19,0.8421052631578947,,,,2026-04-14 16:31:30,2026-04-14 16:33:30,2026-04-14 16:34:30
SPOOFING,spoofer_002,TSLA,37,46,0.8043478260869565,,,,2026-04-14 16:31:30,2026-04-14 16:33:30,2026-04-14 16:34:30
SPOOFING,spoofer_003,BINANCE:BTCUSDT,48,57,0.8421052631578947,,,,2026-04-14 16:31:30,2026-04-14 16:33:30,2026-04-14 16:34:30
SPOOFING,spoofer_002,TSLA,30,37,0.8108108108108109,,,,2026-04-14 16:31:00,2026-04-14 16:33:00,2026-04-14 16:33:18
SPOOFING,spoofer_003,BINANCE:BTCUSDT,24,28,0.8571428571428571,,,,2026-04-14 16:31:00,2026-04-14 16:33:00,2026-04-14 16:33:18
SPOOFING,spoofer_001,AAPL,27,31,0.8709677419354839,,,,2026-04-14 16:31:00,2026-04-14 16:33:00,2026-04-14 16:33:18
SPOOFING,spoofer_002,TSLA,41,50,0.82,,,,2026-04-14 16:30:30,2026-04-14 16:32:30,2026-04-14 16:33:18
SPOOFING,spoofer_003,BINANCE:BTCUSDT,18,21,0.8571428571428571,,,,2026-04-14 16:30:30,2026-04-14 16:32:30,2026-04-14 16:33:18
SPOOFING,spoofer_001,AAPL,38,44,0.8636363636363636,,,,2026-04-14 16:30:30,2026-04-14 16:32:30,2026-04-14 16:33:18
SPOOFING,spoofer_001,AAPL,25,29,0.8620689655172413,,,,2026-04-14 16:30:00,2026-04-14 16:32:00,2026-04-14 16:32:11
SPOOFING,spoofer_002,TSLA,34,41,0.8292682926829268,,,,2026-04-14 16:30:00,2026-04-14 16:32:00,2026-04-14 16:32:11
SPOOFING,spoofer_002,TSLA,31,37,0.8378378378378378,,,,2026-04-14 16:29:30,2026-04-14 16:31:30,2026-04-14 16:31:51
SPOOFING,spoofer_001,AAPL,25,29,0.8620689655172413,,,,2026-04-14 16:29:30,2026-04-14 16:31:30,2026-04-14 16:31:51
SPOOFING,spoofer_002,TSLA,24,29,0.8275862068965517,,,,2026-04-14 16:29:00,2026-04-14 16:31:00,2026-04-14 16:31:46
SPOOFING,spoofer_001,AAPL,11,13,0.8461538461538461,,,,2026-04-14 16:29:00,2026-04-14 16:31:00,2026-04-14 16:31:46
SPOOFING,spoofer_001,AAPL,16,19,0.8421052631578947,,,,2026-04-14 16:06:00,2026-04-14 16:08:00,2026-04-14 16:30:22
SPOOFING,spoofer_003,BINANCE:BTCUSDT,15,18,0.8333333333333334,,,,2026-04-14 16:06:00,2026-04-14 16:08:00,2026-04-14 16:30:22
SPOOFING,spoofer_002,TSLA,32,39,0.8205128205128205,,,,2026-04-14 16:06:00,2026-04-14 16:08:00,2026-04-14 16:30:22
SPOOFING,spoofer_001,AAPL,21,25,0.84,,,,2026-04-14 16:05:30,2026-04-14 16:07:30,2026-04-14 16:30:22
SPOOFING,spoofer_003,BINANCE:BTCUSDT,18,22,0.8181818181818182,,,,2026-04-14 16:05:30,2026-04-14 16:07:30,2026-04-14 16:30:22
SPOOFING,spoofer_002,TSLA,42,52,0.8076923076923077,,,,2026-04-14 16:05:30,2026-04-14 16:07:30,2026-04-14 16:30:22
SPOOFING,spoofer_002,TSLA,53,65,0.8153846153846154,,,,2026-04-14 16:05:00,2026-04-14 16:07:00,2026-04-14 16:30:22
SPOOFING,spoofer_001,AAPL,21,25,0.84,,,,2026-04-14 16:05:00,2026-04-14 16:07:00,2026-04-14 16:30:22
SPOOFING,spoofer_003,BINANCE:BTCUSDT,18,22,0.8181818181818182,,,,2026-04-14 16:05:00,2026-04-14 16:07:00,2026-04-14 16:30:22
SPOOFING,spoofer_001,AAPL,21,25,0.84,,,,2026-04-14 16:04:30,2026-04-14 16:06:30,2026-04-14 16:30:22
SPOOFING,spoofer_002,TSLA,44,54,0.8148148148148148,,,,2026-04-14 16:04:30,2026-04-14 16:06:30,2026-04-14 16:30:22
SPOOFING,spoofer_003,BINANCE:BTCUSDT,18,22,0.8181818181818182,,,,2026-04-14 16:04:30,2026-04-14 16:06:30,2026-04-14 16:30:22
SPOOFING,spoofer_002,TSLA,21,26,0.8076923076923077,,,,2026-04-14 16:04:00,2026-04-14 16:06:00,2026-04-14 16:06:09
SPOOFING,spoofer_002,TSLA,11,13,0.8461538461538461,,,,2026-04-14 16:03:30,2026-04-14 16:05:30,2026-04-14 16:06:07
SPOOFING,spoofer_003,BINANCE:BTCUSDT,18,21,0.8571428571428571,,,,2026-04-14 16:02:30,2026-04-14 16:04:30,2026-04-14 16:06:07
SPOOFING,spoofer_003,BINANCE:BTCUSDT,18,21,0.8571428571428571,,,,2026-04-14 16:02:00,2026-04-14 16:04:00,2026-04-14 16:05:21
SPOOFING,spoofer_003,BINANCE:BTCUSDT,18,21,0.8571428571428571,,,,2026-04-14 16:01:30,2026-04-14 16:03:30,2026-04-14 16:05:21
SPOOFING,spoofer_003,BINANCE:BTCUSDT,25,30,0.8333333333333334,,,,2026-04-14 16:01:00,2026-04-14 16:03:00,2026-04-14 16:05:21
SPOOFING,spoofer_002,TSLA,11,13,0.8461538461538461,,,,2026-04-14 16:01:00,2026-04-14 16:03:00,2026-04-14 16:05:21
SPOOFING,spoofer_002,TSLA,11,13,0.8461538461538461,,,,2026-04-14 16:00:30,2026-04-14 16:02:30,2026-04-14 16:02:53
SPOOFING,spoofer_002,TSLA,11,13,0.8461538461538461,,,,2026-04-14 16:00:00,2026-04-14 16:02:00,2026-04-14 16:02:53
SPOOFING,spoofer_002,TSLA,26,32,0.8125,,,,2026-04-14 15:59:30,2026-04-14 16:01:30,2026-04-14 16:02:53
SPOOFING,spoofer_003,BINANCE:BTCUSDT,30,37,0.8108108108108109,,,,2026-04-14 15:57:30,2026-04-14 15:59:30,2026-04-14 15:59:44
SPOOFING,spoofer_003,BINANCE:BTCUSDT,30,37,0.8108108108108109,,,,2026-04-14 15:57:00,2026-04-14 15:59:00,2026-04-14 15:59:31
SPOOFING,spoofer_003,BINANCE:BTCUSDT,30,37,0.8108108108108109,,,,2026-04-14 15:56:30,2026-04-14 15:58:30,2026-04-14 15:59:31
SPOOFING,spoofer_003,BINANCE:BTCUSDT,39,48,0.8125,,,,2026-04-14 15:56:00,2026-04-14 15:58:00,2026-04-14 15:59:31
SPOOFING,spoofer_003,BINANCE:BTCUSDT,11,13,0.8461538461538461,,,,2026-04-14 15:52:30,2026-04-14 15:54:30,2026-04-14 15:56:17
SPOOFING,spoofer_001,AAPL,19,23,0.8260869565217391,,,,2026-04-14 15:52:30,2026-04-14 15:54:30,2026-04-14 15:56:17
SPOOFING,spoofer_002,TSLA,13,15,0.8666666666666667,,,,2026-04-14 15:52:30,2026-04-14 15:54:30,2026-04-14 15:56:17
SPOOFING,spoofer_001,AAPL,14,16,0.875,,,,2026-04-14 15:52:00,2026-04-14 15:54:00,2026-04-14 15:54:13
SPOOFING,spoofer_002,TSLA,16,19,0.8421052631578947,,,,2026-04-14 15:52:00,2026-04-14 15:54:00,2026-04-14 15:54:13
SPOOFING,spoofer_003,BINANCE:BTCUSDT,21,25,0.84,,,,2026-04-14 15:52:00,2026-04-14 15:54:00,2026-04-14 15:54:13
SPOOFING,spoofer_003,BINANCE:BTCUSDT,32,38,0.8421052631578947,,,,2026-04-14 15:51:30,2026-04-14 15:53:30,2026-04-14 15:54:13
SPOOFING,spoofer_001,AAPL,22,25,0.88,,,,2026-04-14 15:51:30,2026-04-14 15:53:30,2026-04-14 15:54:13
SPOOFING,spoofer_002,TSLA,35,42,0.8333333333333334,,,,2026-04-14 15:51:30,2026-04-14 15:53:30,2026-04-14 15:54:13
SPOOFING,spoofer_003,BINANCE:BTCUSDT,32,38,0.8421052631578947,,,,2026-04-14 15:51:00,2026-04-14 15:53:00,2026-04-14 15:54:13
SPOOFING,spoofer_002,TSLA,35,42,0.8333333333333334,,,,2026-04-14 15:51:00,2026-04-14 15:53:00,2026-04-14 15:54:13
SPOOFING,spoofer_001,AAPL,22,25,0.88,,,,2026-04-14 15:51:00,2026-04-14 15:53:00,2026-04-14 15:54:13
SPOOFING,spoofer_002,TSLA,22,27,0.8148148148148148,,,,2026-04-14 15:50:30,2026-04-14 15:52:30,2026-04-14 15:54:13
SPOOFING,spoofer_003,BINANCE:BTCUSDT,31,37,0.8378378378378378,,,,2026-04-14 15:50:30,2026-04-14 15:52:30,2026-04-14 15:54:13
SPOOFING,spoofer_001,AAPL,15,17,0.8823529411764706,,,,2026-04-14 15:50:30,2026-04-14 15:52:30,2026-04-14 15:54:13
SPOOFING,spoofer_002,TSLA,46,55,0.8363636363636363,,,,2026-04-14 15:50:00,2026-04-14 15:52:00,2026-04-14 15:52:09
SPOOFING,spoofer_001,AAPL,14,16,0.875,,,,2026-04-14 15:50:00,2026-04-14 15:52:00,2026-04-14 15:52:09
SPOOFING,spoofer_003,BINANCE:BTCUSDT,32,39,0.8205128205128205,,,,2026-04-14 15:50:00,2026-04-14 15:52:00,2026-04-14 15:52:09
SPOOFING,spoofer_002,TSLA,27,32,0.84375,,,,2026-04-14 15:49:30,2026-04-14 15:51:30,2026-04-14 15:51:41
SPOOFING,spoofer_001,AAPL,13,16,0.8125,,,,2026-04-14 15:49:30,2026-04-14 15:51:30,2026-04-14 15:51:41
SPOOFING,spoofer_002,TSLA,27,32,0.84375,,,,2026-04-14 15:49:00,2026-04-14 15:51:00,2026-04-14 15:51:41
SPOOFING,spoofer_001,AAPL,13,16,0.8125,,,,2026-04-14 15:49:00,2026-04-14 15:51:00,2026-04-14 15:51:41
SPOOFING,spoofer_003,BINANCE:BTCUSDT,33,41,0.8048780487804879,,,,2026-04-14 15:48:30,2026-04-14 15:50:30,2026-04-14 15:50:37
SPOOFING,spoofer_002,TSLA,27,32,0.84375,,,,2026-04-14 15:48:30,2026-04-14 15:50:30,2026-04-14 15:50:37
SPOOFING,spoofer_003,BINANCE:BTCUSDT,17,20,0.85,,,,2026-04-14 15:47:30,2026-04-14 15:49:30,2026-04-14 15:50:05
SPOOFING,spoofer_002,TSLA,15,18,0.8333333333333334,,,,2026-04-14 15:47:00,2026-04-14 15:49:00,2026-04-14 15:50:05
SPOOFING,spoofer_003,BINANCE:BTCUSDT,42,50,0.84,,,,2026-04-14 15:47:00,2026-04-14 15:49:00,2026-04-14 15:50:05
SPOOFING,spoofer_001,AAPL,25,31,0.8064516129032258,,,,2026-04-14 15:47:00,2026-04-14 15:49:00,2026-04-14 15:50:05
SPOOFING,spoofer_003,BINANCE:BTCUSDT,43,52,0.8269230769230769,,,,2026-04-14 15:46:30,2026-04-14 15:48:30,2026-04-14 15:50:05
SPOOFING,spoofer_001,AAPL,34,41,0.8292682926829268,,,,2026-04-14 15:46:30,2026-04-14 15:48:30,2026-04-14 15:50:05
SPOOFING,spoofer_002,TSLA,19,23,0.8260869565217391,,,,2026-04-14 15:46:30,2026-04-14 15:48:30,2026-04-14 15:50:05
SPOOFING,spoofer_003,BINANCE:BTCUSDT,43,52,0.8269230769230769,,,,2026-04-14 15:46:00,2026-04-14 15:48:00,2026-04-14 15:48:25
SPOOFING,spoofer_001,AAPL,43,52,0.8269230769230769,,,,2026-04-14 15:46:00,2026-04-14 15:48:00,2026-04-14 15:48:25
SPOOFING,spoofer_002,TSLA,19,23,0.8260869565217391,,,,2026-04-14 15:46:00,2026-04-14 15:48:00,2026-04-14 15:48:25
SPOOFING,spoofer_001,AAPL,45,54,0.8333333333333334,,,,2026-04-14 15:45:30,2026-04-14 15:47:30,2026-04-14 15:48:25
SPOOFING,spoofer_002,TSLA,16,19,0.8421052631578947,,,,2026-04-14 15:45:30,2026-04-14 15:47:30,2026-04-14 15:48:25
SPOOFING,spoofer_003,BINANCE:BTCUSDT,48,58,0.8275862068965517,,,,2026-04-14 15:45:30,2026-04-14 15:47:30,2026-04-14 15:48:25
SPOOFING,spoofer_001,AAPL,30,36,0.8333333333333334,,,,2026-04-14 15:45:00,2026-04-14 15:47:00,2026-04-14 15:47:09
SPOOFING,spoofer_003,BINANCE:BTCUSDT,29,36,0.8055555555555556,,,,2026-04-14 15:45:00,2026-04-14 15:47:00,2026-04-14 15:47:09
SPOOFING,spoofer_001,AAPL,19,23,0.8260869565217391,,,,2026-04-14 15:44:30,2026-04-14 15:46:30,2026-04-14 15:46:54
SPOOFING,spoofer_003,BINANCE:BTCUSDT,17,21,0.8095238095238095,,,,2026-04-14 15:44:30,2026-04-14 15:46:30,2026-04-14 15:46:54
SPOOFING,spoofer_003,BINANCE:BTCUSDT,17,21,0.8095238095238095,,,,2026-04-14 15:44:00,2026-04-14 15:46:00,2026-04-14 15:46:54
SPOOFING,spoofer_003,BINANCE:BTCUSDT,13,16,0.8125,,,,2026-04-14 15:42:30,2026-04-14 15:44:30,2026-04-14 15:45:08
SPOOFING,spoofer_003,BINANCE:BTCUSDT,13,16,0.8125,,,,2026-04-14 15:42:00,2026-04-14 15:44:00,2026-04-14 15:45:08
SPOOFING,spoofer_003,BINANCE:BTCUSDT,13,16,0.8125,,,,2026-04-14 15:41:30,2026-04-14 15:43:30,2026-04-14 15:45:08
SPOOFING,spoofer_001,AAPL,15,18,0.8333333333333334,,,,2026-04-14 15:41:00,2026-04-14 15:43:00,2026-04-14 15:45:08
SPOOFING,spoofer_003,BINANCE:BTCUSDT,16,19,0.8421052631578947,,,,2026-04-14 15:41:00,2026-04-14 15:43:00,2026-04-14 15:45:08
SPOOFING,spoofer_001,AAPL,23,27,0.8518518518518519,,,,2026-04-14 15:40:30,2026-04-14 15:42:30,2026-04-14 15:42:39
SPOOFING,spoofer_001,AAPL,23,27,0.8518518518518519,,,,2026-04-14 15:40:00,2026-04-14 15:42:00,2026-04-14 15:42:35
SPOOFING,spoofer_001,AAPL,27,32,0.84375,,,,2026-04-14 15:39:30,2026-04-14 15:41:30,2026-04-14 15:42:35
SPOOFING,spoofer_003,BINANCE:BTCUSDT,16,19,0.8421052631578947,,,,2026-04-14 15:39:30,2026-04-14 15:41:30,2026-04-14 15:42:35
SPOOFING,spoofer_001,AAPL,21,25,0.84,,,,2026-04-14 15:39:00,2026-04-14 15:41:00,2026-04-14 15:42:35
SPOOFING,spoofer_002,TSLA,33,40,0.825,,,,2026-04-14 15:39:00,2026-04-14 15:41:00,2026-04-14 15:42:35
SPOOFING,spoofer_003,BINANCE:BTCUSDT,22,26,0.8461538461538461,,,,2026-04-14 15:39:00,2026-04-14 15:41:00,2026-04-14 15:42:35
SPOOFING,spoofer_001,AAPL,11,13,0.8461538461538461,,,,2026-04-14 15:38:30,2026-04-14 15:40:30,2026-04-14 15:42:35
SPOOFING,spoofer_003,BINANCE:BTCUSDT,22,26,0.8461538461538461,,,,2026-04-14 15:38:30,2026-04-14 15:40:30,2026-04-14 15:42:35
SPOOFING,spoofer_002,TSLA,33,40,0.825,,,,2026-04-14 15:38:30,2026-04-14 15:40:30,2026-04-14 15:42:35
SPOOFING,spoofer_001,AAPL,14,17,0.8235294117647058,,,,2026-04-14 15:38:00,2026-04-14 15:40:00,2026-04-14 15:40:24
SPOOFING,spoofer_002,TSLA,28,34,0.8235294117647058,,,,2026-04-14 15:38:00,2026-04-14 15:40:00,2026-04-14 15:40:24
SPOOFING,spoofer_003,BINANCE:BTCUSDT,36,42,0.8571428571428571,,,,2026-04-14 15:38:00,2026-04-14 15:40:00,2026-04-14 15:40:24
SPOOFING,spoofer_001,AAPL,26,31,0.8387096774193549,,,,2026-04-14 15:37:30,2026-04-14 15:39:30,2026-04-14 15:39:44
SPOOFING,spoofer_002,TSLA,33,39,0.8461538461538461,,,,2026-04-14 15:37:30,2026-04-14 15:39:30,2026-04-14 15:39:44
SPOOFING,spoofer_003,BINANCE:BTCUSDT,45,52,0.8653846153846154,,,,2026-04-14 15:37:30,2026-04-14 15:39:30,2026-04-14 15:39:44
SPOOFING,spoofer_001,AAPL,26,31,0.8387096774193549,,,,2026-04-14 15:37:00,2026-04-14 15:39:00,2026-04-14 15:39:25
SPOOFING,spoofer_003,BINANCE:BTCUSDT,33,38,0.868421052631579,,,,2026-04-14 15:37:00,2026-04-14 15:39:00,2026-04-14 15:39:25
SPOOFING,spoofer_002,TSLA,21,25,0.84,,,,2026-04-14 15:37:00,2026-04-14 15:39:00,2026-04-14 15:39:25
SPOOFING,spoofer_001,AAPL,26,31,0.8387096774193549,,,,2026-04-14 15:36:30,2026-04-14 15:38:30,2026-04-14 15:39:25
