trade_id,order_id,trader_id,trader_type,symbol,side,price,quantity,timestamp
07795f88-0021-4c71-83e8-1e00683065b1,,spoofer_001,spoofer,AAPL,buy,246.038512,480,2026-04-14T20:28:53.063982+00:00
07795f88-0021-4c71-83e8-1e00683065b1,,market,market,AAPL,sell,246.038512,480,2026-04-14T20:28:53.063982+00:00
0403e38a-71f8-44bb-a0c3-56f7e2313716,,market,market,BINANCE:BTCUSDT,buy,66935.199734,318,2026-04-14T20:28:49.708166+00:00
0403e38a-71f8-44bb-a0c3-56f7e2313716,,spoofer_003,spoofer,BINANCE:BTCUSDT,sell,66935.199734,318,2026-04-14T20:28:49.708166+00:00
32267025-1321-4e25-86fd-9e3da202cb76,,market,market,BINANCE:BTCUSDT,buy,66961.794347,318,2026-04-14T20:28:47.394261+00:00
32267025-1321-4e25-86fd-9e3da202cb76,,spoofer_003,spoofer,BINANCE:BTCUSDT,sell,66961.794347,318,2026-04-14T20:28:47.394261+00:00
75cd3f98-2c2e-4cb9-99cd-c58159a3e6b8,,wash_001a,wash_trader,TSLA,buy,354.159447,678,2026-04-14T20:28:47.395420+00:00
75cd3f98-2c2e-4cb9-99cd-c58159a3e6b8,,wash_001b,wash_trader,TSLA,sell,354.159447,678,2026-04-14T20:28:47.395420+00:00
b15a4ccf-83b7-45e5-99eb-89f8543151e8,,market,market,AAPL,buy,245.73033,512,2026-04-14T20:28:44.110972+00:00
b15a4ccf-83b7-45e5-99eb-89f8543151e8,,normal_012,normal,AAPL,sell,245.73033,512,2026-04-14T20:28:44.110972+00:00
8e189723-ff9f-4755-9699-64628947ee94,,spoofer_002,spoofer,TSLA,buy,354.431458,487,2026-04-14T20:28:40.096216+00:00
8e189723-ff9f-4755-9699-64628947ee94,,market,market,TSLA,sell,354.431458,487,2026-04-14T20:28:40.096216+00:00
8ea5e3a5-80d3-41d7-94e2-edaf598a72c7,,normal_006,normal,BINANCE:XRPUSDT,buy,1.333196,108,2026-04-14T20:28:39.065979+00:00
8ea5e3a5-80d3-41d7-94e2-edaf598a72c7,,market,market,BINANCE:XRPUSDT,sell,1.333196,108,2026-04-14T20:28:39.065979+00:00
295107ee-474b-4f55-8e44-0533cf9b79db,,market,market,BINANCE:BTCUSDT,buy,66957.59698,318,2026-04-14T20:28:39.062528+00:00
295107ee-474b-4f55-8e44-0533cf9b79db,,spoofer_003,spoofer,BINANCE:BTCUSDT,sell,66957.59698,318,2026-04-14T20:28:39.062528+00:00
73ffa884-027e-483e-941d-5797357a9879,,normal_020,normal,BINANCE:XRPUSDT,buy,1.332452,632,2026-04-14T20:28:36.892417+00:00
73ffa884-027e-483e-941d-5797357a9879,,market,market,BINANCE:XRPUSDT,sell,1.332452,632,2026-04-14T20:28:36.892417+00:00
fc44d3e5-685b-4c35-9126-267233e85c2e,,market,market,BINANCE:ETHUSDT,buy,2040.650564,170,2026-04-14T20:28:34.886946+00:00
fc44d3e5-685b-4c35-9126-267233e85c2e,,normal_003,normal,BINANCE:ETHUSDT,sell,2040.650564,170,2026-04-14T20:28:34.886946+00:00
0399aca5-03d5-4315-a917-9f86afceb1a0,,market,market,TSLA,buy,354.213315,487,2026-04-14T20:28:34.882931+00:00
0399aca5-03d5-4315-a917-9f86afceb1a0,,spoofer_002,spoofer,TSLA,sell,354.213315,487,2026-04-14T20:28:34.882931+00:00
fc3c7056-bb83-4c61-9a93-bc194b6643fc,,wash_002a,wash_trader,BINANCE:XRPUSDT,buy,1.332361,178,2026-04-14T20:28:32.820549+00:00
fc3c7056-bb83-4c61-9a93-bc194b6643fc,,wash_002b,wash_trader,BINANCE:XRPUSDT,sell,1.332361,178,2026-04-14T20:28:32.820549+00:00
e3c61bfd-4dc2-439c-b33d-2a597d2d01dd,,market,market,TSLA,buy,353.938038,487,2026-04-14T20:28:31.636360+00:00
e3c61bfd-4dc2-439c-b33d-2a597d2d01dd,,spoofer_002,spoofer,TSLA,sell,353.938038,487,2026-04-14T20:28:31.636360+00:00
3763af03-f129-4c32-af6c-239d6ef4797c,,wash_002a,wash_trader,BINANCE:XRPUSDT,buy,1.332211,181,2026-04-14T20:28:29.808925+00:00
3763af03-f129-4c32-af6c-239d6ef4797c,,wash_002b,wash_trader,BINANCE:XRPUSDT,sell,1.332211,181,2026-04-14T20:28:29.808925+00:00
511cc696-9cc6-4045-97db-8e7c0b1bbdd6,,spoofer_001,spoofer,AAPL,buy,245.806061,480,2026-04-14T20:28:29.808091+00:00
511cc696-9cc6-4045-97db-8e7c0b1bbdd6,,market,market,AAPL,sell,245.806061,480,2026-04-14T20:28:29.808091+00:00
88664313-58c1-4e4c-98bc-3b608675d9c7,,market,market,TSLA,buy,354.277779,487,2026-04-14T20:28:28.025279+00:00
88664313-58c1-4e4c-98bc-3b608675d9c7,,spoofer_002,spoofer,TSLA,sell,354.277779,487,2026-04-14T20:28:28.025279+00:00
0f65d766-9743-4ce7-acf7-c1c9f3edeade,,wash_002a,wash_trader,BINANCE:XRPUSDT,buy,1.332046,169,2026-04-14T20:28:27.157217+00:00
0f65d766-9743-4ce7-acf7-c1c9f3edeade,,wash_002b,wash_trader,BINANCE:XRPUSDT,sell,1.332046,169,2026-04-14T20:28:27.157217+00:00
4b68ff48-78a1-44b3-9ea8-54890d0be9a9,,spoofer_002,spoofer,TSLA,buy,354.301956,487,2026-04-14T20:27:33.362044+00:00
4b68ff48-78a1-44b3-9ea8-54890d0be9a9,,market,market,TSLA,sell,354.301956,487,2026-04-14T20:27:33.362044+00:00
6516b034-8129-46f3-bbab-de17141ec584,,normal_017,normal,BINANCE:BTCUSDT,buy,66835.651413,174,2026-04-14T20:27:31.221421+00:00
6516b034-8129-46f3-bbab-de17141ec584,,market,market,BINANCE:BTCUSDT,sell,66835.651413,174,2026-04-14T20:27:31.221421+00:00
5600c7f8-1350-4145-ab1c-c827671fa2a5,,spoofer_003,spoofer,BINANCE:BTCUSDT,buy,66830.671053,318,2026-04-14T20:27:31.218262+00:00
5600c7f8-1350-4145-ab1c-c827671fa2a5,,market,market,BINANCE:BTCUSDT,sell,66830.671053,318,2026-04-14T20:27:31.218262+00:00
a13780fa-5a34-4973-ad41-f2854ed1a7f2,,market,market,BINANCE:BTCUSDT,buy,66931.418865,318,2026-04-14T20:27:25.447926+00:00
a13780fa-5a34-4973-ad41-f2854ed1a7f2,,spoofer_003,spoofer,BINANCE:BTCUSDT,sell,66931.418865,318,2026-04-14T20:27:25.447926+00:00
d3d49c08-7c3f-46f1-be52-f80fb43a6264,,wash_001b,wash_trader,TSLA,buy,354.278569,685,2026-04-14T20:27:25.448256+00:00
d3d49c08-7c3f-46f1-be52-f80fb43a6264,,wash_001a,wash_trader,TSLA,sell,354.278569,685,2026-04-14T20:27:25.448256+00:00
93811a67-35f0-4dfe-88db-ec047f49e384,,spoofer_002,spoofer,TSLA,buy,353.869324,487,2026-04-14T20:27:23.395109+00:00
93811a67-35f0-4dfe-88db-ec047f49e384,,market,market,TSLA,sell,353.869324,487,2026-04-14T20:27:23.395109+00:00
a5af23ef-b4ce-4954-a5e3-670ddfe14207,,market,market,BINANCE:BTCUSDT,buy,66859.924286,318,2026-04-14T20:27:20.396295+00:00
a5af23ef-b4ce-4954-a5e3-670ddfe14207,,spoofer_003,spoofer,BINANCE:BTCUSDT,sell,66859.924286,318,2026-04-14T20:27:20.396295+00:00
6026603a-01f0-45ae-8ba1-dd42c568b890,,normal_020,normal,BINANCE:XRPUSDT,buy,1.334773,427,2026-04-14T20:27:17.060153+00:00
6026603a-01f0-45ae-8ba1-dd42c568b890,,market,market,BINANCE:XRPUSDT,sell,1.334773,427,2026-04-14T20:27:17.060153+00:00
96ddcc1f-b535-46d6-ad2a-e10ad8d957f5,,market,market,TSLA,buy,353.959156,360,2026-04-14T20:27:15.055575+00:00
96ddcc1f-b535-46d6-ad2a-e10ad8d957f5,,normal_005,normal,TSLA,sell,353.959156,360,2026-04-14T20:27:15.055575+00:00
9ddb7bc3-2b0f-426b-9219-ea5f397b4e18,,spoofer_002,spoofer,TSLA,buy,354.164249,487,2026-04-14T20:27:15.024849+00:00
9ddb7bc3-2b0f-426b-9219-ea5f397b4e18,,market,market,TSLA,sell,354.164249,487,2026-04-14T20:27:15.024849+00:00
0676d404-7459-4690-852f-eba74f9e567b,,wash_001a,wash_trader,TSLA,buy,354.141054,689,2026-04-14T20:27:13.053029+00:00
0676d404-7459-4690-852f-eba74f9e567b,,wash_001b,wash_trader,TSLA,sell,354.141054,689,2026-04-14T20:27:13.053029+00:00
d253f6fc-bcf9-4b2b-90a5-f60c45181aa6,,spoofer_002,spoofer,TSLA,buy,354.384943,487,2026-04-14T20:27:13.046884+00:00
d253f6fc-bcf9-4b2b-90a5-f60c45181aa6,,market,market,TSLA,sell,354.384943,487,2026-04-14T20:27:13.046884+00:00
3cf5f7e0-08f6-4de7-b2ff-83fee9b9e6f0,,wash_002b,wash_trader,BINANCE:XRPUSDT,buy,1.332525,173,2026-04-14T20:27:10.988182+00:00
3cf5f7e0-08f6-4de7-b2ff-83fee9b9e6f0,,wash_002a,wash_trader,BINANCE:XRPUSDT,sell,1.332525,173,2026-04-14T20:27:10.988182+00:00
f413c0de-da01-46ec-83e1-0131da2424e9,,spoofer_003,spoofer,BINANCE:BTCUSDT,buy,66881.901853,318,2026-04-14T20:27:10.982484+00:00
f413c0de-da01-46ec-83e1-0131da2424e9,,market,market,BINANCE:BTCUSDT,sell,66881.901853,318,2026-04-14T20:27:10.982484+00:00
d37393e8-b136-465b-a84b-1643b6e006ba,,market,market,BINANCE:XRPUSDT,buy,1.33207,82,2026-04-14T20:27:09.446198+00:00
d37393e8-b136-465b-a84b-1643b6e006ba,,normal_015,normal,BINANCE:XRPUSDT,sell,1.33207,82,2026-04-14T20:27:09.446198+00:00
b0cab096-c3aa-4d20-8f7b-0cfd6bc6fb16,,normal_017,normal,AAPL,buy,246.097279,155,2026-04-14T20:27:08.442187+00:00
b0cab096-c3aa-4d20-8f7b-0cfd6bc6fb16,,market,market,AAPL,sell,246.097279,155,2026-04-14T20:27:08.442187+00:00
8b8fbf5e-1954-414d-8701-8338eb3172bd,,spoofer_001,spoofer,AAPL,buy,245.899757,480,2026-04-14T20:27:07.437151+00:00
8b8fbf5e-1954-414d-8701-8338eb3172bd,,market,market,AAPL,sell,245.899757,480,2026-04-14T20:27:07.437151+00:00
297e413a-32a8-4f89-b877-7b630de3fd1e,,market,market,AAPL,buy,246.139202,480,2026-04-14T20:27:05.419709+00:00
297e413a-32a8-4f89-b877-7b630de3fd1e,,spoofer_001,spoofer,AAPL,sell,246.139202,480,2026-04-14T20:27:05.419709+00:00
3a4382a2-640f-46ec-b85a-10cb330e895b,,wash_001b,wash_trader,TSLA,buy,354.179126,683,2026-04-14T20:27:02.224968+00:00
3a4382a2-640f-46ec-b85a-10cb330e895b,,wash_001a,wash_trader,TSLA,sell,354.179126,683,2026-04-14T20:27:02.224968+00:00
a33cabd0-039e-4efe-be32-8ec86baadbb3,,wash_002b,wash_trader,BINANCE:XRPUSDT,buy,1.332201,180,2026-04-14T20:27:00.222095+00:00
a33cabd0-039e-4efe-be32-8ec86baadbb3,,wash_002a,wash_trader,BINANCE:XRPUSDT,sell,1.332201,180,2026-04-14T20:27:00.222095+00:00
156593b0-d9e6-4fef-91d4-37f6dd520afd,,spoofer_002,spoofer,TSLA,buy,354.135435,487,2026-04-14T20:26:58.884726+00:00
156593b0-d9e6-4fef-91d4-37f6dd520afd,,market,market,TSLA,sell,354.135435,487,2026-04-14T20:26:58.884726+00:00
e98ecaaa-a810-4d4a-8dbb-6969bee904d5,,wash_002b,wash_trader,BINANCE:XRPUSDT,buy,1.332556,183,2026-04-14T20:26:57.214501+00:00
e98ecaaa-a810-4d4a-8dbb-6969bee904d5,,wash_002a,wash_trader,BINANCE:XRPUSDT,sell,1.332556,183,2026-04-14T20:26:57.214501+00:00
622247a4-0bf3-453b-a2d2-969f21630fac,,market,market,BINANCE:BTCUSDT,buy,66895.863624,318,2026-04-14T20:26:57.209777+00:00
622247a4-0bf3-453b-a2d2-969f21630fac,,spoofer_003,spoofer,BINANCE:BTCUSDT,sell,66895.863624,318,2026-04-14T20:26:57.209777+00:00
d35efcbd-965d-4570-bc83-b2b2354ad342,,market,market,BINANCE:BTCUSDT,buy,67023.197993,157,2026-04-14T20:26:52.579349+00:00
d35efcbd-965d-4570-bc83-b2b2354ad342,,normal_017,normal,BINANCE:BTCUSDT,sell,67023.197993,157,2026-04-14T20:26:52.579349+00:00
a433a4ef-9eab-440c-821c-ec1d1ede634e,,spoofer_003,spoofer,BINANCE:BTCUSDT,buy,66951.671759,318,2026-04-14T20:26:49.565540+00:00
a433a4ef-9eab-440c-821c-ec1d1ede634e,,market,market,BINANCE:BTCUSDT,sell,66951.671759,318,2026-04-14T20:26:49.565540+00:00
3edf8ec0-bcda-4536-831f-446bfea259f0,,market,market,TSLA,buy,354.253273,487,2026-04-14T20:26:47.815249+00:00
3edf8ec0-bcda-4536-831f-446bfea259f0,,spoofer_002,spoofer,TSLA,sell,354.253273,487,2026-04-14T20:26:47.815249+00:00
906b2cea-9467-4592-add6-051f3add3115,,spoofer_002,spoofer,TSLA,buy,354.485171,487,2026-04-14T20:26:47.021868+00:00
906b2cea-9467-4592-add6-051f3add3115,,market,market,TSLA,sell,354.485171,487,2026-04-14T20:26:47.021868+00:00
834e9966-e5b5-4769-8b52-15d6105f5e1a,,spoofer_002,spoofer,TSLA,buy,354.000799,487,2026-04-14T20:26:45.726055+00:00
834e9966-e5b5-4769-8b52-15d6105f5e1a,,market,market,TSLA,sell,354.000799,487,2026-04-14T20:26:45.726055+00:00
fe5fb9db-f1a0-4291-ba37-f32ea72538d3,,market,market,TSLA,buy,354.550241,389,2026-04-14T20:25:59.586366+00:00
fe5fb9db-f1a0-4291-ba37-f32ea72538d3,,normal_010,normal,TSLA,sell,354.550241,389,2026-04-14T20:25:59.586366+00:00
75f24fef-b9be-4dbd-913e-710b6a34a3fd,,wash_002b,wash_trader,BINANCE:XRPUSDT,buy,1.332258,181,2026-04-14T20:25:58.586734+00:00
75f24fef-b9be-4dbd-913e-710b6a34a3fd,,wash_002a,wash_trader,BINANCE:XRPUSDT,sell,1.332258,181,2026-04-14T20:25:58.586734+00:00
24954754-19fb-4325-ad9d-f286b99fcdaa,,wash_002b,wash_trader,BINANCE:XRPUSDT,buy,1.33269,175,2026-04-14T20:25:54.571459+00:00
24954754-19fb-4325-ad9d-f286b99fcdaa,,wash_002a,wash_trader,BINANCE:XRPUSDT,sell,1.33269,175,2026-04-14T20:25:54.571459+00:00
e92de0e5-318c-42ee-bd62-c6613486ccb4,,market,market,BINANCE:BTCUSDT,buy,66907.841239,318,2026-04-14T20:25:54.570601+00:00
e92de0e5-318c-42ee-bd62-c6613486ccb4,,spoofer_003,spoofer,BINANCE:BTCUSDT,sell,66907.841239,318,2026-04-14T20:25:54.570601+00:00
3c69dcc2-be81-4715-a90f-542f1df6dc20,,market,market,BINANCE:ETHUSDT,buy,2041.237965,227,2026-04-14T20:25:51.912484+00:00
3c69dcc2-be81-4715-a90f-542f1df6dc20,,normal_003,normal,BINANCE:ETHUSDT,sell,2041.237965,227,2026-04-14T20:25:51.912484+00:00
ae8c985a-32b5-459a-9ee7-3f5f9af1085e,,spoofer_003,spoofer,BINANCE:BTCUSDT,buy,66877.30167,318,2026-04-14T20:25:51.909488+00:00
ae8c985a-32b5-459a-9ee7-3f5f9af1085e,,market,market,BINANCE:BTCUSDT,sell,66877.30167,318,2026-04-14T20:25:51.909488+00:00
f73d5505-eb15-4ccb-9f2a-aae392e890b3,,market,market,TSLA,buy,354.554899,487,2026-04-14T20:25:49.886024+00:00
f73d5505-eb15-4ccb-9f2a-aae392e890b3,,spoofer_002,spoofer,TSLA,sell,354.554899,487,2026-04-14T20:25:49.886024+00:00
ce5b602f-f91f-41ab-b6ee-ec61c1bd5ecf,,market,market,BINANCE:ETHUSDT,buy,2039.1785,409,2026-04-14T20:25:48.781786+00:00
ce5b602f-f91f-41ab-b6ee-ec61c1bd5ecf,,normal_012,normal,BINANCE:ETHUSDT,sell,2039.1785,409,2026-04-14T20:25:48.781786+00:00
aabc7f12-0646-4d2c-a646-5c8f28169df7,,wash_001b,wash_trader,TSLA,buy,354.200499,685,2026-04-14T20:25:46.774051+00:00
aabc7f12-0646-4d2c-a646-5c8f28169df7,,wash_001a,wash_trader,TSLA,sell,354.200499,685,2026-04-14T20:25:46.774051+00:00
f2fa07ed-c469-427d-adc3-77b4fff3f37a,,wash_001a,wash_trader,TSLA,buy,354.11085,686,2026-04-14T20:25:44.771411+00:00
f2fa07ed-c469-427d-adc3-77b4fff3f37a,,wash_001b,wash_trader,TSLA,sell,354.11085,686,2026-04-14T20:25:44.771411+00:00
563d3bb2-14e4-4196-829b-56fd262885c1,,market,market,BINANCE:BTCUSDT,buy,66950.605865,318,2026-04-14T20:25:44.767623+00:00
563d3bb2-14e4-4196-829b-56fd262885c1,,spoofer_003,spoofer,BINANCE:BTCUSDT,sell,66950.605865,318,2026-04-14T20:25:44.767623+00:00
8fd9da71-8528-4cd7-bda1-664d2fcc2d9c,,normal_011,normal,BINANCE:ETHUSDT,buy,2045.534269,431,2026-04-14T20:25:41.797401+00:00
8fd9da71-8528-4cd7-bda1-664d2fcc2d9c,,market,market,BINANCE:ETHUSDT,sell,2045.534269,431,2026-04-14T20:25:41.797401+00:00
9ddb5846-30ab-4570-beb4-963d75f689e8,,wash_001b,wash_trader,TSLA,buy,354.228272,679,2026-04-14T20:25:41.491348+00:00
9ddb5846-30ab-4570-beb4-963d75f689e8,,wash_001a,wash_trader,TSLA,sell,354.228272,679,2026-04-14T20:25:41.491348+00:00
1967a53b-450d-4e40-a0b1-15c2cb3740e7,,spoofer_002,spoofer,TSLA,buy,354.324385,487,2026-04-14T20:25:41.490818+00:00
1967a53b-450d-4e40-a0b1-15c2cb3740e7,,market,market,TSLA,sell,354.324385,487,2026-04-14T20:25:41.490818+00:00
22fc69ac-025d-4091-b82a-e4809f608066,,spoofer_003,spoofer,BINANCE:BTCUSDT,buy,66879.630093,318,2026-04-14T20:25:40.792019+00:00
22fc69ac-025d-4091-b82a-e4809f608066,,market,market,BINANCE:BTCUSDT,sell,66879.630093,318,2026-04-14T20:25:40.792019+00:00
51e8abca-c245-4b59-b58f-990663d91ae8,,spoofer_002,spoofer,TSLA,buy,354.128541,487,2026-04-14T20:25:37.313587+00:00
51e8abca-c245-4b59-b58f-990663d91ae8,,market,market,TSLA,sell,354.128541,487,2026-04-14T20:25:37.313587+00:00
8b93111c-1d1a-4104-9b27-530aa21c9fc1,,market,market,TSLA,buy,354.198617,487,2026-04-14T20:25:35.103349+00:00
8b93111c-1d1a-4104-9b27-530aa21c9fc1,,spoofer_002,spoofer,TSLA,sell,354.198617,487,2026-04-14T20:25:35.103349+00:00
c262f4c7-ef7f-40c7-95ce-6f92520e7673,,market,market,TSLA,buy,353.873671,487,2026-04-14T20:25:34.388906+00:00
c262f4c7-ef7f-40c7-95ce-6f92520e7673,,spoofer_002,spoofer,TSLA,sell,353.873671,487,2026-04-14T20:25:34.388906+00:00
2c8d7977-d291-44e4-aea1-022694217173,,market,market,BINANCE:BTCUSDT,buy,67025.477717,555,2026-04-14T20:25:33.345420+00:00
2c8d7977-d291-44e4-aea1-022694217173,,normal_011,normal,BINANCE:BTCUSDT,sell,67025.477717,555,2026-04-14T20:25:33.345420+00:00
6432fda8-f914-4c4e-9594-32f2bf91a86a,,market,market,AAPL,buy,245.959055,523,2026-04-14T20:25:32.345503+00:00
6432fda8-f914-4c4e-9594-32f2bf91a86a,,normal_012,normal,AAPL,sell,245.959055,523,2026-04-14T20:25:32.345503+00:00
8044ae23-31fe-42da-82b8-09985e770d1c,,normal_012,normal,AAPL,buy,246.414975,531,2026-04-14T20:25:31.342227+00:00
8044ae23-31fe-42da-82b8-09985e770d1c,,market,market,AAPL,sell,246.414975,531,2026-04-14T20:25:31.342227+00:00
5ed65d97-1a6d-4fd1-a93c-56edccc8ea7c,,wash_002a,wash_trader,BINANCE:XRPUSDT,buy,1.332756,179,2026-04-14T20:25:28.331392+00:00
5ed65d97-1a6d-4fd1-a93c-56edccc8ea7c,,wash_002b,wash_trader,BINANCE:XRPUSDT,sell,1.332756,179,2026-04-14T20:25:28.331392+00:00
b663af26-c2af-4269-8165-b9eb45b19616,,wash_001a,wash_trader,TSLA,buy,354.204585,682,2026-04-14T20:25:28.331226+00:00
b663af26-c2af-4269-8165-b9eb45b19616,,wash_001b,wash_trader,TSLA,sell,354.204585,682,2026-04-14T20:25:28.331226+00:00
08082280-b667-4d3c-b4f7-26e712404da6,,market,market,TSLA,buy,354.530639,487,2026-04-14T20:25:28.330576+00:00
08082280-b667-4d3c-b4f7-26e712404da6,,spoofer_002,spoofer,TSLA,sell,354.530639,487,2026-04-14T20:25:28.330576+00:00
f5de41bc-a8d6-43e3-8f1c-fe495bac3d4f,,market,market,BINANCE:XRPUSDT,buy,1.331526,91,2026-04-14T20:25:26.285028+00:00
f5de41bc-a8d6-43e3-8f1c-fe495bac3d4f,,normal_006,normal,BINANCE:XRPUSDT,sell,1.331526,91,2026-04-14T20:25:26.285028+00:00
3934a38e-49d5-4755-84a1-6e1f25c320cb,,spoofer_001,spoofer,AAPL,buy,245.780019,480,2026-04-14T20:25:21.266584+00:00
3934a38e-49d5-4755-84a1-6e1f25c320cb,,market,market,AAPL,sell,245.780019,480,2026-04-14T20:25:21.266584+00:00
c5b08a03-0b48-4d61-a2f7-357275cb6e5d,,normal_004,normal,BINANCE:BTCUSDT,buy,66926.573991,151,2026-04-14T20:25:20.207001+00:00
c5b08a03-0b48-4d61-a2f7-357275cb6e5d,,market,market,BINANCE:BTCUSDT,sell,66926.573991,151,2026-04-14T20:25:20.207001+00:00
90a62c96-0dbd-4014-aa42-31998d837fa8,,spoofer_002,spoofer,TSLA,buy,353.883993,487,2026-04-14T20:25:16.964625+00:00
90a62c96-0dbd-4014-aa42-31998d837fa8,,market,market,TSLA,sell,353.883993,487,2026-04-14T20:25:16.964625+00:00
6c9bcd6f-b0ce-48ee-ba74-e33b6921480b,,spoofer_003,spoofer,BINANCE:BTCUSDT,buy,66934.60986,318,2026-04-14T20:25:15.198695+00:00
6c9bcd6f-b0ce-48ee-ba74-e33b6921480b,,market,market,BINANCE:BTCUSDT,sell,66934.60986,318,2026-04-14T20:25:15.198695+00:00
78b666e4-f3a4-40ac-a22b-218c6e639626,,market,market,TSLA,buy,354.147244,487,2026-04-14T20:25:13.690802+00:00
78b666e4-f3a4-40ac-a22b-218c6e639626,,spoofer_002,spoofer,TSLA,sell,354.147244,487,2026-04-14T20:25:13.690802+00:00
d9a3fcd8-ff21-4e34-afac-22b623ff8162,,spoofer_003,spoofer,BINANCE:BTCUSDT,buy,66871.598687,318,2026-04-14T20:25:11.959830+00:00
d9a3fcd8-ff21-4e34-afac-22b623ff8162,,market,market,BINANCE:BTCUSDT,sell,66871.598687,318,2026-04-14T20:25:11.959830+00:00
0b0d9e47-bef8-4310-a1e5-46497b596ed4,,market,market,BINANCE:ETHUSDT,buy,2042.804834,576,2026-04-14T20:25:10.012200+00:00
0b0d9e47-bef8-4310-a1e5-46497b596ed4,,normal_011,normal,BINANCE:ETHUSDT,sell,2042.804834,576,2026-04-14T20:25:10.012200+00:00
8b5d1ba9-ae58-4f66-9a2a-fcbd5dabbc32,,spoofer_003,spoofer,BINANCE:BTCUSDT,buy,66843.170617,318,2026-04-14T20:25:10.007662+00:00
8b5d1ba9-ae58-4f66-9a2a-fcbd5dabbc32,,market,market,BINANCE:BTCUSDT,sell,66843.170617,318,2026-04-14T20:25:10.007662+00:00
275b72e0-50bb-4a3f-8b62-e430d1d69998,,spoofer_002,spoofer,TSLA,buy,354.43903,487,2026-04-14T20:24:02.291639+00:00
275b72e0-50bb-4a3f-8b62-e430d1d69998,,market,market,TSLA,sell,354.43903,487,2026-04-14T20:24:02.291639+00:00
a5b12040-ae79-4696-a4bf-13e50fa96623,,wash_002a,wash_trader,BINANCE:XRPUSDT,buy,1.333052,179,2026-04-14T20:23:07.250566+00:00
a5b12040-ae79-4696-a4bf-13e50fa96623,,wash_002b,wash_trader,BINANCE:XRPUSDT,sell,1.333052,179,2026-04-14T20:23:07.250566+00:00
b3f04f42-233f-48a7-8853-2eff56701f6a,,market,market,BINANCE:XRPUSDT,buy,1.332866,195,2026-04-14T20:23:07.250408+00:00
b3f04f42-233f-48a7-8853-2eff56701f6a,,normal_015,normal,BINANCE:XRPUSDT,sell,1.332866,195,2026-04-14T20:23:07.250408+00:00
870819ae-7cc2-491b-9627-313bf9d14a42,,market,market,BINANCE:BTCUSDT,buy,66881.276974,318,2026-04-14T20:23:07.248323+00:00
870819ae-7cc2-491b-9627-313bf9d14a42,,spoofer_003,spoofer,BINANCE:BTCUSDT,sell,66881.276974,318,2026-04-14T20:23:07.248323+00:00
ae2555be-4a74-4b51-886a-0e5c99537f4f,,wash_001b,wash_trader,TSLA,buy,354.349014,678,2026-04-14T20:23:04.122241+00:00
ae2555be-4a74-4b51-886a-0e5c99537f4f,,wash_001a,wash_trader,TSLA,sell,354.349014,678,2026-04-14T20:23:04.122241+00:00
3311e14d-980d-4a32-a8f7-927b17ce834f,,spoofer_002,spoofer,TSLA,buy,353.958361,487,2026-04-14T20:23:04.121965+00:00
3311e14d-980d-4a32-a8f7-927b17ce834f,,market,market,TSLA,sell,353.958361,487,2026-04-14T20:23:04.121965+00:00
9e8cd0c5-0e66-4629-bed0-bac05a6dd4b6,,wash_002a,wash_trader,BINANCE:XRPUSDT,buy,1.33334,178,2026-04-14T20:22:59.374589+00:00
9e8cd0c5-0e66-4629-bed0-bac05a6dd4b6,,wash_002b,wash_trader,BINANCE:XRPUSDT,sell,1.33334,178,2026-04-14T20:22:59.374589+00:00
e1509f32-17e0-4269-a4e5-d001a928e210,,market,market,TSLA,buy,354.265769,456,2026-04-14T20:22:58.370705+00:00
e1509f32-17e0-4269-a4e5-d001a928e210,,normal_018,normal,TSLA,sell,354.265769,456,2026-04-14T20:22:58.370705+00:00
796cc833-3573-4946-a6d5-039c06534ed8,,spoofer_003,spoofer,BINANCE:BTCUSDT,buy,66858.563671,318,2026-04-14T20:22:58.366963+00:00
796cc833-3573-4946-a6d5-039c06534ed8,,market,market,BINANCE:BTCUSDT,sell,66858.563671,318,2026-04-14T20:22:58.366963+00:00
27877e4b-d453-48ca-b10d-dfed33e71a90,,market,market,TSLA,buy,354.244361,487,2026-04-14T20:22:56.301586+00:00
27877e4b-d453-48ca-b10d-dfed33e71a90,,spoofer_002,spoofer,TSLA,sell,354.244361,487,2026-04-14T20:22:56.301586+00:00
1846aed0-e5fb-47ac-b54b-16bf37fd0a96,,market,market,AAPL,buy,245.929227,657,2026-04-14T20:22:55.681689+00:00
1846aed0-e5fb-47ac-b54b-16bf37fd0a96,,normal_012,normal,AAPL,sell,245.929227,657,2026-04-14T20:22:55.681689+00:00
93796c9f-0ffa-429f-a2e7-460abcce8c92,,spoofer_001,spoofer,AAPL,buy,245.881839,480,2026-04-14T20:22:55.676749+00:00
93796c9f-0ffa-429f-a2e7-460abcce8c92,,market,market,AAPL,sell,245.881839,480,2026-04-14T20:22:55.676749+00:00
9316f438-565d-43e7-aa60-9bdcc8445c48,,market,market,BINANCE:BTCUSDT,buy,66880.492536,318,2026-04-14T20:22:27.251295+00:00
9316f438-565d-43e7-aa60-9bdcc8445c48,,spoofer_003,spoofer,BINANCE:BTCUSDT,sell,66880.492536,318,2026-04-14T20:22:27.251295+00:00
e78b514d-5c37-41a2-9d38-791feab52d17,,market,market,AAPL,buy,246.053777,480,2026-04-14T20:22:25.014153+00:00
e78b514d-5c37-41a2-9d38-791feab52d17,,spoofer_001,spoofer,AAPL,sell,246.053777,480,2026-04-14T20:22:25.014153+00:00
7f348588-826d-4878-bdbe-c21c4c14d6ae,,wash_002a,wash_trader,BINANCE:XRPUSDT,buy,1.333366,176,2026-04-14T20:22:18.774672+00:00
7f348588-826d-4878-bdbe-c21c4c14d6ae,,wash_002b,wash_trader,BINANCE:XRPUSDT,sell,1.333366,176,2026-04-14T20:22:18.774672+00:00
02bb0e12-69ab-4eb4-9d9f-5357da9ed6d1,,wash_001b,wash_trader,TSLA,buy,354.106385,687,2026-04-14T20:22:18.774491+00:00
02bb0e12-69ab-4eb4-9d9f-5357da9ed6d1,,wash_001a,wash_trader,TSLA,sell,354.106385,687,2026-04-14T20:22:18.774491+00:00
a3c3905a-d23a-4476-919e-4e2e5e51fdd8,,market,market,TSLA,buy,353.959084,487,2026-04-14T20:22:16.765127+00:00
a3c3905a-d23a-4476-919e-4e2e5e51fdd8,,spoofer_002,spoofer,TSLA,sell,353.959084,487,2026-04-14T20:22:16.765127+00:00
63223a52-5a02-4126-93cd-56729cd97b79,,market,market,BINANCE:ETHUSDT,buy,2038.153084,688,2026-04-14T20:22:15.727144+00:00
63223a52-5a02-4126-93cd-56729cd97b79,,normal_012,normal,BINANCE:ETHUSDT,sell,2038.153084,688,2026-04-14T20:22:15.727144+00:00
b6760e28-df97-44c8-a189-70b90a22bfec,,spoofer_003,spoofer,BINANCE:BTCUSDT,buy,66923.881458,318,2026-04-14T20:22:15.720838+00:00
b6760e28-df97-44c8-a189-70b90a22bfec,,market,market,BINANCE:BTCUSDT,sell,66923.881458,318,2026-04-14T20:22:15.720838+00:00
d1d0d38e-8cd5-4f3c-9cd2-195d5ec3837e,,wash_001a,wash_trader,TSLA,buy,354.331225,678,2026-04-14T20:22:15.721279+00:00
d1d0d38e-8cd5-4f3c-9cd2-195d5ec3837e,,wash_001b,wash_trader,TSLA,sell,354.331225,678,2026-04-14T20:22:15.721279+00:00
0ec4edd8-55cb-47af-90f0-0d0c7721e3b1,,normal_005,normal,TSLA,buy,353.691687,360,2026-04-14T20:22:11.678600+00:00
0ec4edd8-55cb-47af-90f0-0d0c7721e3b1,,market,market,TSLA,sell,353.691687,360,2026-04-14T20:22:11.678600+00:00
3562d583-81fe-4b43-a383-9c4a67c662cd,,wash_001b,wash_trader,TSLA,buy,354.341038,678,2026-04-14T20:22:10.659698+00:00
3562d583-81fe-4b43-a383-9c4a67c662cd,,wash_001a,wash_trader,TSLA,sell,354.341038,678,2026-04-14T20:22:10.659698+00:00
c5f03303-b927-4f31-910d-374ffe1535df,,market,market,TSLA,buy,354.386649,487,2026-04-14T20:22:10.658852+00:00
c5f03303-b927-4f31-910d-374ffe1535df,,spoofer_002,spoofer,TSLA,sell,354.386649,487,2026-04-14T20:22:10.658852+00:00
3e37f4c2-1ddf-4a93-9d9a-04285b4fe1ef,,spoofer_001,spoofer,AAPL,buy,246.213409,480,2026-04-14T20:22:09.722010+00:00
3e37f4c2-1ddf-4a93-9d9a-04285b4fe1ef,,market,market,AAPL,sell,246.213409,480,2026-04-14T20:22:09.722010+00:00
7bcb8761-5c8d-4b80-9f83-7c84fce0d8c0,,wash_001b,wash_trader,TSLA,buy,354.302893,679,2026-04-14T20:22:06.485843+00:00
7bcb8761-5c8d-4b80-9f83-7c84fce0d8c0,,wash_001a,wash_trader,TSLA,sell,354.302893,679,2026-04-14T20:22:06.485843+00:00
1af2f7e1-69bd-4bb4-8d13-42697b74d950,,spoofer_003,spoofer,BINANCE:BTCUSDT,buy,66837.198938,318,2026-04-14T20:21:03.815857+00:00
1af2f7e1-69bd-4bb4-8d13-42697b74d950,,market,market,BINANCE:BTCUSDT,sell,66837.198938,318,2026-04-14T20:21:03.815857+00:00
bed211e9-4018-42ae-bf2e-998a237acbc2,,wash_002b,wash_trader,BINANCE:XRPUSDT,buy,1.333279,178,2026-04-14T20:21:00.313389+00:00
bed211e9-4018-42ae-bf2e-998a237acbc2,,wash_002a,wash_trader,BINANCE:XRPUSDT,sell,1.333279,178,2026-04-14T20:21:00.313389+00:00
eed664d5-5483-41ec-84f3-024156943272,,market,market,BINANCE:ETHUSDT,buy,2040.385676,325,2026-04-14T20:20:59.313551+00:00
eed664d5-5483-41ec-84f3-024156943272,,normal_016,normal,BINANCE:ETHUSDT,sell,2040.385676,325,2026-04-14T20:20:59.313551+00:00
57368a70-d55e-46e2-9bfd-f22dc0517dc8,,wash_002a,wash_trader,BINANCE:XRPUSDT,buy,1.333021,173,2026-04-14T20:20:58.310950+00:00
57368a70-d55e-46e2-9bfd-f22dc0517dc8,,wash_002b,wash_trader,BINANCE:XRPUSDT,sell,1.333021,173,2026-04-14T20:20:58.310950+00:00
0fed7feb-8229-4e08-bca5-a3115c5ab988,,spoofer_002,spoofer,TSLA,buy,353.935615,487,2026-04-14T20:20:58.262553+00:00
0fed7feb-8229-4e08-bca5-a3115c5ab988,,market,market,TSLA,sell,353.935615,487,2026-04-14T20:20:58.262553+00:00
7876a55e-ee71-414c-b69e-3ada9cc5ccbf,,market,market,TSLA,buy,354.112306,487,2026-04-14T20:20:57.147629+00:00
7876a55e-ee71-414c-b69e-3ada9cc5ccbf,,spoofer_002,spoofer,TSLA,sell,354.112306,487,2026-04-14T20:20:57.147629+00:00
c9f23fac-ed23-443b-a9ab-ae68d7cd0315,,spoofer_002,spoofer,TSLA,buy,354.125742,487,2026-04-14T20:20:53.104430+00:00
c9f23fac-ed23-443b-a9ab-ae68d7cd0315,,market,market,TSLA,sell,354.125742,487,2026-04-14T20:20:53.104430+00:00
87a40964-7b65-4cd2-b4ae-919961945bfd,,wash_001b,wash_trader,TSLA,buy,354.267402,678,2026-04-14T20:20:51.295311+00:00
87a40964-7b65-4cd2-b4ae-919961945bfd,,wash_001a,wash_trader,TSLA,sell,354.267402,678,2026-04-14T20:20:51.295311+00:00
00051146-7ab1-4fef-9f36-d138364b5469,,wash_001a,wash_trader,TSLA,buy,354.084739,681,2026-04-14T20:20:51.290786+00:00
00051146-7ab1-4fef-9f36-d138364b5469,,wash_001b,wash_trader,TSLA,sell,354.084739,681,2026-04-14T20:20:51.290786+00:00
90269165-872f-4b74-9be2-03686885dd9f,,spoofer_002,spoofer,TSLA,buy,353.882832,487,2026-04-14T20:20:51.289588+00:00
90269165-872f-4b74-9be2-03686885dd9f,,market,market,TSLA,sell,353.882832,487,2026-04-14T20:20:51.289588+00:00
97483d84-707f-43fc-bd93-ffe304cf7421,,market,market,TSLA,buy,354.302142,487,2026-04-14T20:20:50.223975+00:00
97483d84-707f-43fc-bd93-ffe304cf7421,,spoofer_002,spoofer,TSLA,sell,354.302142,487,2026-04-14T20:20:50.223975+00:00
80ad2010-2cba-4398-8cc5-9c15e5298eb5,,market,market,TSLA,buy,354.133451,487,2026-04-14T20:20:47.871316+00:00
80ad2010-2cba-4398-8cc5-9c15e5298eb5,,spoofer_002,spoofer,TSLA,sell,354.133451,487,2026-04-14T20:20:47.871316+00:00
d0dbd449-e4b9-48b6-a14f-609480c6b938,,wash_001b,wash_trader,TSLA,buy,354.160049,675,2026-04-14T20:20:43.141119+00:00
d0dbd449-e4b9-48b6-a14f-609480c6b938,,wash_001a,wash_trader,TSLA,sell,354.160049,675,2026-04-14T20:20:43.141119+00:00
1f2fac5d-f1c2-4364-8719-3a7814d046fd,,market,market,BINANCE:XRPUSDT,buy,1.333664,93,2026-04-14T20:20:40.138689+00:00
1f2fac5d-f1c2-4364-8719-3a7814d046fd,,normal_006,normal,BINANCE:XRPUSDT,sell,1.333664,93,2026-04-14T20:20:40.138689+00:00
a4e0eecb-a5a8-4df1-8562-36b6aadd7c7a,,wash_002a,wash_trader,BINANCE:XRPUSDT,buy,1.33298,182,2026-04-14T20:20:38.128155+00:00
a4e0eecb-a5a8-4df1-8562-36b6aadd7c7a,,wash_002b,wash_trader,BINANCE:XRPUSDT,sell,1.33298,182,2026-04-14T20:20:38.128155+00:00
71649a94-83fb-4c19-8ef4-6196ecc92ff9,,normal_005,normal,TSLA,buy,354.255891,334,2026-04-14T20:20:37.126029+00:00
71649a94-83fb-4c19-8ef4-6196ecc92ff9,,market,market,TSLA,sell,354.255891,334,2026-04-14T20:20:37.126029+00:00
d7e39dba-02be-4411-aca8-5014eb154548,,spoofer_003,spoofer,BINANCE:BTCUSDT,buy,66920.984367,318,2026-04-14T20:20:37.123588+00:00
d7e39dba-02be-4411-aca8-5014eb154548,,market,market,BINANCE:BTCUSDT,sell,66920.984367,318,2026-04-14T20:20:37.123588+00:00
52b10b81-a08e-4137-97cb-e12c69277428,,wash_002b,wash_trader,BINANCE:XRPUSDT,buy,1.333212,178,2026-04-14T20:20:37.123791+00:00
52b10b81-a08e-4137-97cb-e12c69277428,,wash_002a,wash_trader,BINANCE:XRPUSDT,sell,1.333212,178,2026-04-14T20:20:37.123791+00:00
a296ad53-09fb-40bf-b4d5-d64168a097e7,,wash_001b,wash_trader,TSLA,buy,354.362967,675,2026-04-14T20:20:32.794900+00:00
a296ad53-09fb-40bf-b4d5-d64168a097e7,,wash_001a,wash_trader,TSLA,sell,354.362967,675,2026-04-14T20:20:32.794900+00:00
208086c8-6e4f-4f4f-aa6e-db8f7bd857ff,,normal_003,normal,BINANCE:BTCUSDT,buy,66804.805752,170,2026-04-14T20:20:32.794449+00:00
208086c8-6e4f-4f4f-aa6e-db8f7bd857ff,,market,market,BINANCE:BTCUSDT,sell,66804.805752,170,2026-04-14T20:20:32.794449+00:00
63405b9c-ec23-488b-ab6f-3b73f4abf67e,,spoofer_002,spoofer,TSLA,buy,354.036064,487,2026-04-14T20:20:32.708096+00:00
63405b9c-ec23-488b-ab6f-3b73f4abf67e,,market,market,TSLA,sell,354.036064,487,2026-04-14T20:20:32.708096+00:00
9f1b5afe-d688-465e-9554-ade5297001d0,,spoofer_002,spoofer,TSLA,buy,354.381732,487,2026-04-14T20:20:29.752894+00:00
9f1b5afe-d688-465e-9554-ade5297001d0,,market,market,TSLA,sell,354.381732,487,2026-04-14T20:20:29.752894+00:00
e9a2e887-f89b-453a-a2f7-c1cccb37ccee,,spoofer_003,spoofer,BINANCE:BTCUSDT,buy,66832.542806,318,2026-04-14T20:20:28.785001+00:00
e9a2e887-f89b-453a-a2f7-c1cccb37ccee,,market,market,BINANCE:BTCUSDT,sell,66832.542806,318,2026-04-14T20:20:28.785001+00:00
5f7b2e16-bb16-4739-a823-08f2aebd4333,,market,market,BINANCE:XRPUSDT,buy,1.331703,158,2026-04-14T20:20:26.793592+00:00
5f7b2e16-bb16-4739-a823-08f2aebd4333,,normal_015,normal,BINANCE:XRPUSDT,sell,1.331703,158,2026-04-14T20:20:26.793592+00:00
5932ad80-cc13-4c41-8b31-82de382c6a14,,market,market,BINANCE:BTCUSDT,buy,66855.235448,137,2026-04-14T20:20:25.789956+00:00
5932ad80-cc13-4c41-8b31-82de382c6a14,,normal_001,normal,BINANCE:BTCUSDT,sell,66855.235448,137,2026-04-14T20:20:25.789956+00:00
a4f62e5c-8165-4630-8fe4-1a4930b854b7,,market,market,BINANCE:BTCUSDT,buy,66951.953218,318,2026-04-14T20:20:25.788254+00:00
a4f62e5c-8165-4630-8fe4-1a4930b854b7,,spoofer_003,spoofer,BINANCE:BTCUSDT,sell,66951.953218,318,2026-04-14T20:20:25.788254+00:00
3d2a6d3e-a5d4-4ea2-89fa-8beb66c10889,,spoofer_003,spoofer,BINANCE:BTCUSDT,buy,66929.630047,318,2026-04-14T20:20:24.023762+00:00
3d2a6d3e-a5d4-4ea2-89fa-8beb66c10889,,market,market,BINANCE:BTCUSDT,sell,66929.630047,318,2026-04-14T20:20:24.023762+00:00
87635395-9fcd-45b3-bd6b-da0441b2cd2e,,wash_002a,wash_trader,BINANCE:XRPUSDT,buy,1.332296,183,2026-04-14T20:20:24.024488+00:00
87635395-9fcd-45b3-bd6b-da0441b2cd2e,,wash_002b,wash_trader,BINANCE:XRPUSDT,sell,1.332296,183,2026-04-14T20:20:24.024488+00:00
9b550199-fe58-4504-8055-e16b5355de9e,,spoofer_003,spoofer,BINANCE:BTCUSDT,buy,66944.123779,318,2026-04-14T20:20:20.826244+00:00
9b550199-fe58-4504-8055-e16b5355de9e,,market,market,BINANCE:BTCUSDT,sell,66944.123779,318,2026-04-14T20:20:20.826244+00:00
1a329ce5-8bcf-4919-977d-11e2c9702118,,spoofer_002,spoofer,TSLA,buy,354.419381,487,2026-04-14T20:20:19.245718+00:00
1a329ce5-8bcf-4919-977d-11e2c9702118,,market,market,TSLA,sell,354.419381,487,2026-04-14T20:20:19.245718+00:00
98bcf412-34dd-439a-9db3-b0d230e3c81e,,spoofer_003,spoofer,BINANCE:BTCUSDT,buy,66951.515335,318,2026-04-14T20:20:18.388163+00:00
98bcf412-34dd-439a-9db3-b0d230e3c81e,,market,market,BINANCE:BTCUSDT,sell,66951.515335,318,2026-04-14T20:20:18.388163+00:00
76553f2c-b2bf-4944-95b4-749e9f703ec6,,spoofer_003,spoofer,BINANCE:BTCUSDT,buy,66848.729469,318,2026-04-14T20:20:12.258851+00:00
76553f2c-b2bf-4944-95b4-749e9f703ec6,,market,market,BINANCE:BTCUSDT,sell,66848.729469,318,2026-04-14T20:20:12.258851+00:00
8007112b-8807-420a-aecb-c79c5ad1660d,,market,market,AAPL,buy,245.664912,312,2026-04-14T20:20:10.112716+00:00
8007112b-8807-420a-aecb-c79c5ad1660d,,normal_005,normal,AAPL,sell,245.664912,312,2026-04-14T20:20:10.112716+00:00
faf03294-2b5a-451b-acdd-dfabd70f0896,,market,market,BINANCE:BTCUSDT,buy,66865.703645,318,2026-04-14T20:20:09.104276+00:00
faf03294-2b5a-451b-acdd-dfabd70f0896,,spoofer_003,spoofer,BINANCE:BTCUSDT,sell,66865.703645,318,2026-04-14T20:20:09.104276+00:00
973233aa-6020-4f5b-bce9-210227bfa2a3,,wash_001b,wash_trader,TSLA,buy,354.238542,677,2026-04-14T20:19:54.559749+00:00
973233aa-6020-4f5b-bce9-210227bfa2a3,,wash_001a,wash_trader,TSLA,sell,354.238542,677,2026-04-14T20:19:54.559749+00:00
8be187ee-a4fa-4427-a88f-1362083dece1,,market,market,TSLA,buy,354.545643,487,2026-04-14T20:19:54.559065+00:00
8be187ee-a4fa-4427-a88f-1362083dece1,,spoofer_002,spoofer,TSLA,sell,354.545643,487,2026-04-14T20:19:54.559065+00:00
9e0dfaf0-f3e5-4b2e-8a79-999a73fcd894,,market,market,BINANCE:XRPUSDT,buy,1.332549,103,2026-04-14T20:19:50.746831+00:00
9e0dfaf0-f3e5-4b2e-8a79-999a73fcd894,,normal_015,normal,BINANCE:XRPUSDT,sell,1.332549,103,2026-04-14T20:19:50.746831+00:00
0d55a94c-402c-48f8-a7ba-d5d8a9929050,,market,market,BINANCE:BTCUSDT,buy,66887.864982,318,2026-04-14T20:19:49.733796+00:00
0d55a94c-402c-48f8-a7ba-d5d8a9929050,,spoofer_003,spoofer,BINANCE:BTCUSDT,sell,66887.864982,318,2026-04-14T20:19:49.733796+00:00
22a315be-c679-4caa-ae4f-d84b5f08784c,,market,market,AAPL,buy,245.774066,480,2026-04-14T20:19:47.785571+00:00
22a315be-c679-4caa-ae4f-d84b5f08784c,,spoofer_001,spoofer,AAPL,sell,245.774066,480,2026-04-14T20:19:47.785571+00:00
3b9ec0ca-037b-4c26-9afa-6cbaa8fd7f35,,spoofer_001,spoofer,AAPL,buy,245.805488,480,2026-04-14T20:19:45.191098+00:00
3b9ec0ca-037b-4c26-9afa-6cbaa8fd7f35,,market,market,AAPL,sell,245.805488,480,2026-04-14T20:19:45.191098+00:00
a64857c6-3291-4a0f-afeb-c9c2b1f13ec3,,normal_017,normal,BINANCE:ETHUSDT,buy,2045.668138,185,2026-04-14T20:19:44.302487+00:00
a64857c6-3291-4a0f-afeb-c9c2b1f13ec3,,market,market,BINANCE:ETHUSDT,sell,2045.668138,185,2026-04-14T20:19:44.302487+00:00
4b9e74b2-647d-4efd-93a5-412ad2e80149,,market,market,TSLA,buy,354.199034,487,2026-04-14T20:19:44.174983+00:00
4b9e74b2-647d-4efd-93a5-412ad2e80149,,spoofer_002,spoofer,TSLA,sell,354.199034,487,2026-04-14T20:19:44.174983+00:00
d600d03f-d01f-4f04-aaf1-1ca8efd0e636,,market,market,TSLA,buy,353.699121,247,2026-04-14T20:19:42.298828+00:00
d600d03f-d01f-4f04-aaf1-1ca8efd0e636,,normal_008,normal,TSLA,sell,353.699121,247,2026-04-14T20:19:42.298828+00:00
02632465-b74c-4051-abde-cd849bc3e7a5,,spoofer_001,spoofer,AAPL,buy,246.258572,480,2026-04-14T20:19:42.292678+00:00
02632465-b74c-4051-abde-cd849bc3e7a5,,market,market,AAPL,sell,246.258572,480,2026-04-14T20:19:42.292678+00:00
981e2f14-c642-4fb0-8250-9af71adf3387,,market,market,AAPL,buy,245.685274,300,2026-04-14T20:19:39.980878+00:00
981e2f14-c642-4fb0-8250-9af71adf3387,,normal_016,normal,AAPL,sell,245.685274,300,2026-04-14T20:19:39.980878+00:00
6647bd14-da71-4afd-b1dd-66f1eecc4650,,spoofer_003,spoofer,BINANCE:BTCUSDT,buy,66933.534867,318,2026-04-14T20:19:38.975495+00:00
6647bd14-da71-4afd-b1dd-66f1eecc4650,,market,market,BINANCE:BTCUSDT,sell,66933.534867,318,2026-04-14T20:19:38.975495+00:00
e11162f0-d709-42e6-8c2d-34b0a81d654f,,market,market,AAPL,buy,246.142556,299,2026-04-14T20:19:36.284232+00:00
e11162f0-d709-42e6-8c2d-34b0a81d654f,,normal_002,normal,AAPL,sell,246.142556,299,2026-04-14T20:19:36.284232+00:00
f8232765-d4e2-493e-ab16-1ce44d45dda9,,market,market,BINANCE:BTCUSDT,buy,66840.911084,318,2026-04-14T20:19:36.279331+00:00
f8232765-d4e2-493e-ab16-1ce44d45dda9,,spoofer_003,spoofer,BINANCE:BTCUSDT,sell,66840.911084,318,2026-04-14T20:19:36.279331+00:00
d4388dc3-70b1-43be-b8e8-e36dac611932,,wash_001b,wash_trader,TSLA,buy,354.082038,678,2026-04-14T20:19:36.279956+00:00
d4388dc3-70b1-43be-b8e8-e36dac611932,,wash_001a,wash_trader,TSLA,sell,354.082038,678,2026-04-14T20:19:36.279956+00:00
e766da41-546a-4b6c-8c92-0a54f848456d,,market,market,AAPL,buy,245.876989,480,2026-04-14T20:19:34.725402+00:00
e766da41-546a-4b6c-8c92-0a54f848456d,,spoofer_001,spoofer,AAPL,sell,245.876989,480,2026-04-14T20:19:34.725402+00:00
e2ba9f3e-be6b-45be-ba79-570bcf7b8dde,,spoofer_001,spoofer,AAPL,buy,245.877679,480,2026-04-14T20:19:33.740086+00:00
e2ba9f3e-be6b-45be-ba79-570bcf7b8dde,,market,market,AAPL,sell,245.877679,480,2026-04-14T20:19:33.740086+00:00
2f77031d-b4b1-41e3-96f7-2f320c89d240,,wash_002a,wash_trader,BINANCE:XRPUSDT,buy,1.332777,182,2026-04-14T20:19:31.745534+00:00
2f77031d-b4b1-41e3-96f7-2f320c89d240,,wash_002b,wash_trader,BINANCE:XRPUSDT,sell,1.332777,182,2026-04-14T20:19:31.745534+00:00
356ab505-c29c-4d7e-8319-8a20c3e508cc,,market,market,BINANCE:BTCUSDT,buy,66857.478951,318,2026-04-14T20:19:30.734170+00:00
356ab505-c29c-4d7e-8319-8a20c3e508cc,,spoofer_003,spoofer,BINANCE:BTCUSDT,sell,66857.478951,318,2026-04-14T20:19:30.734170+00:00
cbfc1bc6-487d-4438-bd8a-e569edea39c9,,market,market,BINANCE:BTCUSDT,buy,66980.728744,137,2026-04-14T20:19:29.373636+00:00
cbfc1bc6-487d-4438-bd8a-e569edea39c9,,normal_003,normal,BINANCE:BTCUSDT,sell,66980.728744,137,2026-04-14T20:19:29.373636+00:00
54c585df-e225-4806-a090-c198912cba67,,market,market,BINANCE:BTCUSDT,buy,66793.034266,330,2026-04-14T20:19:28.373100+00:00
54c585df-e225-4806-a090-c198912cba67,,normal_014,normal,BINANCE:BTCUSDT,sell,66793.034266,330,2026-04-14T20:19:28.373100+00:00
e9b7b0e3-d793-41d3-864f-28ee5d888ba9,,market,market,BINANCE:BTCUSDT,buy,66833.62403,318,2026-04-14T20:19:26.362556+00:00
e9b7b0e3-d793-41d3-864f-28ee5d888ba9,,spoofer_003,spoofer,BINANCE:BTCUSDT,sell,66833.62403,318,2026-04-14T20:19:26.362556+00:00
cf2c2654-700e-4e5a-ae34-79a67a15da60,,spoofer_002,spoofer,TSLA,buy,354.563436,487,2026-04-14T20:19:24.025941+00:00
cf2c2654-700e-4e5a-ae34-79a67a15da60,,market,market,TSLA,sell,354.563436,487,2026-04-14T20:19:24.025941+00:00
e15aa580-cf21-411e-bc32-f6578d854dfc,,market,market,AAPL,buy,245.9318,480,2026-04-14T20:19:23.032107+00:00
e15aa580-cf21-411e-bc32-f6578d854dfc,,spoofer_001,spoofer,AAPL,sell,245.9318,480,2026-04-14T20:19:23.032107+00:00
8fa26fc6-0e6c-479c-b80b-ef4f01d27634,,wash_001b,wash_trader,TSLA,buy,354.148813,684,2026-04-14T20:19:21.050435+00:00
8fa26fc6-0e6c-479c-b80b-ef4f01d27634,,wash_001a,wash_trader,TSLA,sell,354.148813,684,2026-04-14T20:19:21.050435+00:00
ef4f7c0a-ce46-4ce0-a5e1-071d0c6b0275,,spoofer_003,spoofer,BINANCE:BTCUSDT,buy,66945.225855,318,2026-04-14T20:19:21.049648+00:00
ef4f7c0a-ce46-4ce0-a5e1-071d0c6b0275,,market,market,BINANCE:BTCUSDT,sell,66945.225855,318,2026-04-14T20:19:21.049648+00:00
616c5fd8-6400-4aac-b2ad-c122ac7e3c7b,,spoofer_002,spoofer,TSLA,buy,354.19295,487,2026-04-14T20:19:18.627183+00:00
616c5fd8-6400-4aac-b2ad-c122ac7e3c7b,,market,market,TSLA,sell,354.19295,487,2026-04-14T20:19:18.627183+00:00
6becccc1-6e23-4c3d-8ecb-488070c7c63e,,market,market,BINANCE:XRPUSDT,buy,1.331517,43,2026-04-14T20:19:16.771462+00:00
6becccc1-6e23-4c3d-8ecb-488070c7c63e,,normal_006,normal,BINANCE:XRPUSDT,sell,1.331517,43,2026-04-14T20:19:16.771462+00:00
99f0ae7d-94f5-4c24-aa6f-d3cc6c0ac193,,normal_003,normal,BINANCE:BTCUSDT,buy,66816.411916,161,2026-04-14T20:19:14.766726+00:00
99f0ae7d-94f5-4c24-aa6f-d3cc6c0ac193,,market,market,BINANCE:BTCUSDT,sell,66816.411916,161,2026-04-14T20:19:14.766726+00:00
43171919-f53c-408c-b41e-4bd5dfabf89b,,market,market,BINANCE:BTCUSDT,buy,66911.860744,318,2026-04-14T20:19:14.762202+00:00
43171919-f53c-408c-b41e-4bd5dfabf89b,,spoofer_003,spoofer,BINANCE:BTCUSDT,sell,66911.860744,318,2026-04-14T20:19:14.762202+00:00
7b86190f-bd6b-4c77-b9a8-17f8afa482b6,,wash_001b,wash_trader,TSLA,buy,354.086827,690,2026-04-14T20:19:14.763037+00:00
7b86190f-bd6b-4c77-b9a8-17f8afa482b6,,wash_001a,wash_trader,TSLA,sell,354.086827,690,2026-04-14T20:19:14.763037+00:00
d55b053a-55ce-4751-8c60-0660f5bfc6d9,,wash_002b,wash_trader,BINANCE:XRPUSDT,buy,1.332488,185,2026-04-14T20:19:11.348513+00:00
d55b053a-55ce-4751-8c60-0660f5bfc6d9,,wash_002a,wash_trader,BINANCE:XRPUSDT,sell,1.332488,185,2026-04-14T20:19:11.348513+00:00
0b7ae08c-05ae-48dc-ba92-7ab141fd42a8,,wash_001b,wash_trader,TSLA,buy,354.353043,675,2026-04-14T20:19:11.340821+00:00
0b7ae08c-05ae-48dc-ba92-7ab141fd42a8,,wash_001a,wash_trader,TSLA,sell,354.353043,675,2026-04-14T20:19:11.340821+00:00
132d0e5a-78f5-4c39-afb1-a33f91432478,,market,market,BINANCE:XRPUSDT,buy,1.331893,76,2026-04-14T20:18:16.438322+00:00
132d0e5a-78f5-4c39-afb1-a33f91432478,,normal_006,normal,BINANCE:XRPUSDT,sell,1.331893,76,2026-04-14T20:18:16.438322+00:00
b130df30-c145-428c-89c6-94bab9baee9a,,market,market,BINANCE:XRPUSDT,buy,1.332086,83,2026-04-14T20:18:14.429537+00:00
b130df30-c145-428c-89c6-94bab9baee9a,,normal_006,normal,BINANCE:XRPUSDT,sell,1.332086,83,2026-04-14T20:18:14.429537+00:00
07815b8b-dd32-499c-9f73-ce3552152efb,,spoofer_003,spoofer,BINANCE:BTCUSDT,buy,66864.632645,318,2026-04-14T20:18:11.421830+00:00
07815b8b-dd32-499c-9f73-ce3552152efb,,market,market,BINANCE:BTCUSDT,sell,66864.632645,318,2026-04-14T20:18:11.421830+00:00
2f3faf71-9be4-498f-85f2-8917249b4550,,spoofer_002,spoofer,TSLA,buy,354.391108,487,2026-04-14T20:18:07.923764+00:00
2f3faf71-9be4-498f-85f2-8917249b4550,,market,market,TSLA,sell,354.391108,487,2026-04-14T20:18:07.923764+00:00
87c65e5c-ae81-41fd-a7ae-6c749e49d2b9,,normal_016,normal,AAPL,buy,245.973342,402,2026-04-14T20:18:06.057067+00:00
87c65e5c-ae81-41fd-a7ae-6c749e49d2b9,,market,market,AAPL,sell,245.973342,402,2026-04-14T20:18:06.057067+00:00
43c9cfa5-b645-447a-b8dd-fe641c332ea7,,spoofer_002,spoofer,TSLA,buy,354.06416,487,2026-04-14T20:18:02.684263+00:00
43c9cfa5-b645-447a-b8dd-fe641c332ea7,,market,market,TSLA,sell,354.06416,487,2026-04-14T20:18:02.684263+00:00
c20c5575-9ab8-4f41-9074-a7a6ae8eac8f,,wash_002b,wash_trader,BINANCE:XRPUSDT,buy,1.332773,173,2026-04-14T20:17:59.047212+00:00
c20c5575-9ab8-4f41-9074-a7a6ae8eac8f,,wash_002a,wash_trader,BINANCE:XRPUSDT,sell,1.332773,173,2026-04-14T20:17:59.047212+00:00
ba2c6b3a-355d-472e-af49-edd801bb99f2,,market,market,BINANCE:BTCUSDT,buy,66891.631409,110,2026-04-14T20:17:59.046668+00:00
ba2c6b3a-355d-472e-af49-edd801bb99f2,,normal_009,normal,BINANCE:BTCUSDT,sell,66891.631409,110,2026-04-14T20:17:59.046668+00:00
cc2923d6-2232-420d-a483-58b7e3f0aaf0,,market,market,TSLA,buy,354.56916,487,2026-04-14T20:17:58.744303+00:00
cc2923d6-2232-420d-a483-58b7e3f0aaf0,,spoofer_002,spoofer,TSLA,sell,354.56916,487,2026-04-14T20:17:58.744303+00:00
8d1df4e1-a032-4ff8-96d2-c6d0aac43f44,,market,market,TSLA,buy,354.164499,487,2026-04-14T20:17:58.010876+00:00
8d1df4e1-a032-4ff8-96d2-c6d0aac43f44,,spoofer_002,spoofer,TSLA,sell,354.164499,487,2026-04-14T20:17:58.010876+00:00
307d4ab6-f922-44d4-98c3-f48671a1781a,,market,market,BINANCE:BTCUSDT,buy,66914.982694,318,2026-04-14T20:17:57.038863+00:00
307d4ab6-f922-44d4-98c3-f48671a1781a,,spoofer_003,spoofer,BINANCE:BTCUSDT,sell,66914.982694,318,2026-04-14T20:17:57.038863+00:00
843c20d1-465c-43f3-8437-b42765a67d1b,,spoofer_001,spoofer,AAPL,buy,246.260406,480,2026-04-14T20:17:54.822743+00:00
843c20d1-465c-43f3-8437-b42765a67d1b,,market,market,AAPL,sell,246.260406,480,2026-04-14T20:17:54.822743+00:00
d75f70a0-f03a-46fa-8576-e2bff430b56a,,market,market,BINANCE:BTCUSDT,buy,66857.162011,318,2026-04-14T20:17:51.102896+00:00
d75f70a0-f03a-46fa-8576-e2bff430b56a,,spoofer_003,spoofer,BINANCE:BTCUSDT,sell,66857.162011,318,2026-04-14T20:17:51.102896+00:00
47e46ece-a3b7-43e6-8d1b-2e89dc8d3e96,,market,market,BINANCE:ETHUSDT,buy,2039.42958,391,2026-04-14T20:17:42.202185+00:00
47e46ece-a3b7-43e6-8d1b-2e89dc8d3e96,,normal_012,normal,BINANCE:ETHUSDT,sell,2039.42958,391,2026-04-14T20:17:42.202185+00:00
0d98cca3-3f85-45b0-bc1d-767533b0124f,,wash_002a,wash_trader,BINANCE:XRPUSDT,buy,1.333073,181,2026-04-14T20:17:40.200378+00:00
0d98cca3-3f85-45b0-bc1d-767533b0124f,,wash_002b,wash_trader,BINANCE:XRPUSDT,sell,1.333073,181,2026-04-14T20:17:40.200378+00:00
3353aed1-0473-4930-ad83-f33ddd682ba1,,wash_001a,wash_trader,TSLA,buy,354.146587,680,2026-04-14T20:17:36.194882+00:00
3353aed1-0473-4930-ad83-f33ddd682ba1,,wash_001b,wash_trader,TSLA,sell,354.146587,680,2026-04-14T20:17:36.194882+00:00
ab65a61f-dd69-4310-a856-60091e73dfa8,,market,market,BINANCE:BTCUSDT,buy,66949.271633,318,2026-04-14T20:17:35.183928+00:00
ab65a61f-dd69-4310-a856-60091e73dfa8,,spoofer_003,spoofer,BINANCE:BTCUSDT,sell,66949.271633,318,2026-04-14T20:17:35.183928+00:00
d1248208-64f5-4e51-99ed-6e70858f6c0b,,wash_001b,wash_trader,TSLA,buy,354.308091,689,2026-04-14T20:17:32.160187+00:00
d1248208-64f5-4e51-99ed-6e70858f6c0b,,wash_001a,wash_trader,TSLA,sell,354.308091,689,2026-04-14T20:17:32.160187+00:00
701a81c9-01fd-4f1f-9ab5-37da62110d63,,spoofer_003,spoofer,BINANCE:BTCUSDT,buy,66946.304428,318,2026-04-14T20:17:32.159784+00:00
701a81c9-01fd-4f1f-9ab5-37da62110d63,,market,market,BINANCE:BTCUSDT,sell,66946.304428,318,2026-04-14T20:17:32.159784+00:00
c92fe821-d341-42b1-9ba1-5121d3c81087,,market,market,BINANCE:BTCUSDT,buy,66961.198412,318,2026-04-14T20:16:40.437307+00:00
c92fe821-d341-42b1-9ba1-5121d3c81087,,spoofer_003,spoofer,BINANCE:BTCUSDT,sell,66961.198412,318,2026-04-14T20:16:40.437307+00:00
33b86654-b070-44fb-a62e-2e09dfde02c0,,wash_001b,wash_trader,TSLA,buy,354.265639,676,2026-04-14T20:16:33.977295+00:00
33b86654-b070-44fb-a62e-2e09dfde02c0,,wash_001a,wash_trader,TSLA,sell,354.265639,676,2026-04-14T20:16:33.977295+00:00
9ef17c7e-c548-4ed4-ba01-03457ec4159a,,normal_012,normal,BINANCE:ETHUSDT,buy,2046.101538,518,2026-04-14T20:16:33.976941+00:00
9ef17c7e-c548-4ed4-ba01-03457ec4159a,,market,market,BINANCE:ETHUSDT,sell,2046.101538,518,2026-04-14T20:16:33.976941+00:00
f7c301b6-51a2-4b45-ad4c-d73c06bee46f,,market,market,BINANCE:BTCUSDT,buy,66941.731121,318,2026-04-14T20:16:30.967010+00:00
f7c301b6-51a2-4b45-ad4c-d73c06bee46f,,spoofer_003,spoofer,BINANCE:BTCUSDT,sell,66941.731121,318,2026-04-14T20:16:30.967010+00:00
eed7653b-d9da-4a0f-b934-4856c616bf93,,spoofer_001,spoofer,AAPL,buy,246.201285,480,2026-04-14T20:16:29.387784+00:00
eed7653b-d9da-4a0f-b934-4856c616bf93,,market,market,AAPL,sell,246.201285,480,2026-04-14T20:16:29.387784+00:00
59bc6e52-f501-4fb0-a418-ad8777e6edd2,,market,market,BINANCE:BTCUSDT,buy,66924.973797,318,2026-04-14T20:16:28.401503+00:00
59bc6e52-f501-4fb0-a418-ad8777e6edd2,,spoofer_003,spoofer,BINANCE:BTCUSDT,sell,66924.973797,318,2026-04-14T20:16:28.401503+00:00
a38bba03-66f2-42ff-b999-b1bf8ec3646e,,wash_001b,wash_trader,TSLA,buy,354.098449,690,2026-04-14T20:16:25.271040+00:00
a38bba03-66f2-42ff-b999-b1bf8ec3646e,,wash_001a,wash_trader,TSLA,sell,354.098449,690,2026-04-14T20:16:25.271040+00:00
3e3ee4e1-91f0-4a53-ba72-beda3117af95,,wash_001b,wash_trader,TSLA,buy,354.107334,676,2026-04-14T20:16:22.269357+00:00
3e3ee4e1-91f0-4a53-ba72-beda3117af95,,wash_001a,wash_trader,TSLA,sell,354.107334,676,2026-04-14T20:16:22.269357+00:00
48cf84b7-d8d9-4f04-ace2-6a120512d9c4,,wash_001b,wash_trader,TSLA,buy,354.069912,689,2026-04-14T20:16:21.261490+00:00
48cf84b7-d8d9-4f04-ace2-6a120512d9c4,,wash_001a,wash_trader,TSLA,sell,354.069912,689,2026-04-14T20:16:21.261490+00:00
0afebd8a-7017-4f86-9ef6-bf2804630228,,market,market,BINANCE:BTCUSDT,buy,66939.447027,318,2026-04-14T20:16:21.257081+00:00
0afebd8a-7017-4f86-9ef6-bf2804630228,,spoofer_003,spoofer,BINANCE:BTCUSDT,sell,66939.447027,318,2026-04-14T20:16:21.257081+00:00
2a136b47-acbd-436b-abec-48cb64e88627,,market,market,AAPL,buy,246.129445,480,2026-04-14T20:16:18.344988+00:00
2a136b47-acbd-436b-abec-48cb64e88627,,spoofer_001,spoofer,AAPL,sell,246.129445,480,2026-04-14T20:16:18.344988+00:00
b70bdc2f-f2ca-480e-9ccf-cb42334513b7,,wash_002a,wash_trader,BINANCE:XRPUSDT,buy,1.333136,179,2026-04-14T20:16:14.676471+00:00
b70bdc2f-f2ca-480e-9ccf-cb42334513b7,,wash_002b,wash_trader,BINANCE:XRPUSDT,sell,1.333136,179,2026-04-14T20:16:14.676471+00:00
6705d692-d581-49ed-bc7a-7e05deed92a6,,market,market,BINANCE:BTCUSDT,buy,66896.694147,318,2026-04-14T20:16:13.657637+00:00
6705d692-d581-49ed-bc7a-7e05deed92a6,,spoofer_003,spoofer,BINANCE:BTCUSDT,sell,66896.694147,318,2026-04-14T20:16:13.657637+00:00
6c2fe875-8899-4764-acc4-6622c4d62877,,market,market,TSLA,buy,354.150562,487,2026-04-14T20:16:11.317193+00:00
6c2fe875-8899-4764-acc4-6622c4d62877,,spoofer_002,spoofer,TSLA,sell,354.150562,487,2026-04-14T20:16:11.317193+00:00
fae7fed5-dcce-4988-861f-608282067e92,,wash_002b,wash_trader,BINANCE:XRPUSDT,buy,1.33271,183,2026-04-14T20:16:09.498091+00:00
fae7fed5-dcce-4988-861f-608282067e92,,wash_002a,wash_trader,BINANCE:XRPUSDT,sell,1.33271,183,2026-04-14T20:16:09.498091+00:00
67ac12a6-07d9-4e69-9971-15055c5375e2,,market,market,BINANCE:BTCUSDT,buy,66926.032249,216,2026-04-14T20:16:08.494379+00:00
67ac12a6-07d9-4e69-9971-15055c5375e2,,normal_014,normal,BINANCE:BTCUSDT,sell,66926.032249,216,2026-04-14T20:16:08.494379+00:00
6ccf6879-2595-4a7f-a97e-469d691f5899,,market,market,TSLA,buy,354.43774,487,2026-04-14T20:16:08.094286+00:00
6ccf6879-2595-4a7f-a97e-469d691f5899,,spoofer_002,spoofer,TSLA,sell,354.43774,487,2026-04-14T20:16:08.094286+00:00
c1f6dd22-3d3c-48e0-a63c-fa7c8fc03e8e,,wash_002b,wash_trader,BINANCE:XRPUSDT,buy,1.332752,177,2026-04-14T20:14:32.252770+00:00
c1f6dd22-3d3c-48e0-a63c-fa7c8fc03e8e,,wash_002a,wash_trader,BINANCE:XRPUSDT,sell,1.332752,177,2026-04-14T20:14:32.252770+00:00
891b4baa-54e3-458f-b085-616ad1615642,,wash_002b,wash_trader,BINANCE:XRPUSDT,buy,1.332486,174,2026-04-14T20:14:31.253703+00:00
891b4baa-54e3-458f-b085-616ad1615642,,wash_002a,wash_trader,BINANCE:XRPUSDT,sell,1.332486,174,2026-04-14T20:14:31.253703+00:00
5e1acca0-9fc3-4c1f-bd4d-331644f8d4b2,,wash_002a,wash_trader,BINANCE:XRPUSDT,buy,1.332401,176,2026-04-14T20:14:30.250937+00:00
5e1acca0-9fc3-4c1f-bd4d-331644f8d4b2,,wash_002b,wash_trader,BINANCE:XRPUSDT,sell,1.332401,176,2026-04-14T20:14:30.250937+00:00
94a13b7a-ae5b-48aa-8bcc-92a311420f9b,,spoofer_002,spoofer,TSLA,buy,353.942296,487,2026-04-14T20:14:30.245600+00:00
94a13b7a-ae5b-48aa-8bcc-92a311420f9b,,market,market,TSLA,sell,353.942296,487,2026-04-14T20:14:30.245600+00:00
7b691110-08dd-49f6-b11c-71e4856f1995,,market,market,BINANCE:XRPUSDT,buy,1.332327,162,2026-04-14T20:14:29.165593+00:00
7b691110-08dd-49f6-b11c-71e4856f1995,,normal_015,normal,BINANCE:XRPUSDT,sell,1.332327,162,2026-04-14T20:14:29.165593+00:00
24f81c3c-b66e-43ba-95e7-ad6d7272c025,,market,market,AAPL,buy,245.937855,480,2026-04-14T20:14:29.032010+00:00
24f81c3c-b66e-43ba-95e7-ad6d7272c025,,spoofer_001,spoofer,AAPL,sell,245.937855,480,2026-04-14T20:14:29.032010+00:00
dab9daa7-6f45-4aeb-8010-8f47773ba4f3,,market,market,BINANCE:BTCUSDT,buy,66903.951169,318,2026-04-14T20:14:25.149553+00:00
dab9daa7-6f45-4aeb-8010-8f47773ba4f3,,spoofer_003,spoofer,BINANCE:BTCUSDT,sell,66903.951169,318,2026-04-14T20:14:25.149553+00:00
36d79f20-6452-493b-bca9-a47c39538ac4,,market,market,BINANCE:ETHUSDT,buy,2042.11699,466,2026-04-14T20:14:22.207588+00:00
36d79f20-6452-493b-bca9-a47c39538ac4,,normal_012,normal,BINANCE:ETHUSDT,sell,2042.11699,466,2026-04-14T20:14:22.207588+00:00
570c7713-8058-45d1-9c7c-7c817cc4bd87,,market,market,TSLA,buy,354.233573,487,2026-04-14T20:14:22.204353+00:00
570c7713-8058-45d1-9c7c-7c817cc4bd87,,spoofer_002,spoofer,TSLA,sell,354.233573,487,2026-04-14T20:14:22.204353+00:00
74741a39-498b-4d7d-ae59-bc050d2e8781,,spoofer_001,spoofer,AAPL,buy,246.159555,480,2026-04-14T20:14:21.032321+00:00
74741a39-498b-4d7d-ae59-bc050d2e8781,,market,market,AAPL,sell,246.159555,480,2026-04-14T20:14:21.032321+00:00
bf7f1777-0010-4773-9223-7c56bbc9acaf,,market,market,BINANCE:BTCUSDT,buy,66957.218977,318,2026-04-14T20:14:14.141426+00:00
bf7f1777-0010-4773-9223-7c56bbc9acaf,,spoofer_003,spoofer,BINANCE:BTCUSDT,sell,66957.218977,318,2026-04-14T20:14:14.141426+00:00
54efc63a-2178-4582-ad66-715d5fba96f5,,normal_005,normal,TSLA,buy,353.78009,352,2026-04-14T20:14:12.455062+00:00
54efc63a-2178-4582-ad66-715d5fba96f5,,market,market,TSLA,sell,353.78009,352,2026-04-14T20:14:12.455062+00:00
de17f9bf-6aee-4a66-a99d-3668ac9de4f0,,wash_002a,wash_trader,BINANCE:XRPUSDT,buy,1.332608,180,2026-04-14T20:14:11.453597+00:00
de17f9bf-6aee-4a66-a99d-3668ac9de4f0,,wash_002b,wash_trader,BINANCE:XRPUSDT,sell,1.332608,180,2026-04-14T20:14:11.453597+00:00
c96d7535-c7e5-4820-bbcd-e73b2a740bc6,,spoofer_001,spoofer,AAPL,buy,245.861768,480,2026-04-14T20:14:11.452070+00:00
c96d7535-c7e5-4820-bbcd-e73b2a740bc6,,market,market,AAPL,sell,245.861768,480,2026-04-14T20:14:11.452070+00:00
1bc0fce0-5358-47ee-9d5b-79caa69bfe6c,,spoofer_001,spoofer,AAPL,buy,246.125692,480,2026-04-14T20:14:09.998415+00:00
1bc0fce0-5358-47ee-9d5b-79caa69bfe6c,,market,market,AAPL,sell,246.125692,480,2026-04-14T20:14:09.998415+00:00
c680180f-c6ff-49b2-98bf-708d6ea5c21b,,spoofer_002,spoofer,TSLA,buy,354.457246,487,2026-04-14T20:14:07.289567+00:00
c680180f-c6ff-49b2-98bf-708d6ea5c21b,,market,market,TSLA,sell,354.457246,487,2026-04-14T20:14:07.289567+00:00
552b875c-15e3-4e41-86d2-30e1dda71089,,wash_002a,wash_trader,BINANCE:XRPUSDT,buy,1.333311,177,2026-04-14T20:14:05.223899+00:00
552b875c-15e3-4e41-86d2-30e1dda71089,,wash_002b,wash_trader,BINANCE:XRPUSDT,sell,1.333311,177,2026-04-14T20:14:05.223899+00:00
a3dd15a4-8004-43cd-ba4f-866dfcf802ae,,normal_012,normal,AAPL,buy,246.085128,348,2026-04-14T20:14:04.221682+00:00
a3dd15a4-8004-43cd-ba4f-866dfcf802ae,,market,market,AAPL,sell,246.085128,348,2026-04-14T20:14:04.221682+00:00
2cd260c4-d4cb-4062-a4e6-3e72b44e0e4e,,spoofer_001,spoofer,AAPL,buy,245.938625,480,2026-04-14T20:14:02.211896+00:00
2cd260c4-d4cb-4062-a4e6-3e72b44e0e4e,,market,market,AAPL,sell,245.938625,480,2026-04-14T20:14:02.211896+00:00
76f9d979-ee79-49aa-bc7a-5109c9cc876e,,market,market,BINANCE:BTCUSDT,buy,66819.298413,250,2026-04-14T20:14:01.063656+00:00
76f9d979-ee79-49aa-bc7a-5109c9cc876e,,normal_003,normal,BINANCE:BTCUSDT,sell,66819.298413,250,2026-04-14T20:14:01.063656+00:00
bf99a0db-7ee5-40e9-bf51-a7198f66af89,,market,market,TSLA,buy,354.451864,487,2026-04-14T20:14:00.665892+00:00
bf99a0db-7ee5-40e9-bf51-a7198f66af89,,spoofer_002,spoofer,TSLA,sell,354.451864,487,2026-04-14T20:14:00.665892+00:00
82f6c73a-fc6c-4431-93a6-8f7cca25b0a1,,spoofer_001,spoofer,AAPL,buy,245.951357,480,2026-04-14T20:13:59.057392+00:00
82f6c73a-fc6c-4431-93a6-8f7cca25b0a1,,market,market,AAPL,sell,245.951357,480,2026-04-14T20:13:59.057392+00:00
52f672c3-f739-433d-974f-81942b57b022,,market,market,BINANCE:BTCUSDT,buy,66929.398767,318,2026-04-14T20:13:56.728217+00:00
52f672c3-f739-433d-974f-81942b57b022,,spoofer_003,spoofer,BINANCE:BTCUSDT,sell,66929.398767,318,2026-04-14T20:13:56.728217+00:00
c4314591-e581-4ae4-bbc3-fe8e3d3aef11,,market,market,BINANCE:BTCUSDT,buy,66929.027429,318,2026-04-14T20:13:53.916575+00:00
c4314591-e581-4ae4-bbc3-fe8e3d3aef11,,spoofer_003,spoofer,BINANCE:BTCUSDT,sell,66929.027429,318,2026-04-14T20:13:53.916575+00:00
94e66bf6-b450-4e7d-8ec7-64938e33751f,,normal_004,normal,BINANCE:BTCUSDT,buy,66834.886442,146,2026-04-14T20:13:52.207895+00:00
94e66bf6-b450-4e7d-8ec7-64938e33751f,,market,market,BINANCE:BTCUSDT,sell,66834.886442,146,2026-04-14T20:13:52.207895+00:00
9eddb50f-f068-4167-be63-215a71501ff3,,market,market,AAPL,buy,246.163906,480,2026-04-14T20:13:51.196794+00:00
9eddb50f-f068-4167-be63-215a71501ff3,,spoofer_001,spoofer,AAPL,sell,246.163906,480,2026-04-14T20:13:51.196794+00:00
568b15cd-1755-4228-b16a-c8b4352831cd,,market,market,AAPL,buy,246.141167,371,2026-04-14T20:13:48.518526+00:00
568b15cd-1755-4228-b16a-c8b4352831cd,,normal_012,normal,AAPL,sell,246.141167,371,2026-04-14T20:13:48.518526+00:00
84dd41a5-b7a8-4a84-9939-531258539753,,wash_002b,wash_trader,BINANCE:XRPUSDT,buy,1.33257,178,2026-04-14T20:13:47.512019+00:00
84dd41a5-b7a8-4a84-9939-531258539753,,wash_002a,wash_trader,BINANCE:XRPUSDT,sell,1.33257,178,2026-04-14T20:13:47.512019+00:00
131f6794-7b54-457c-8b43-81c3efaf8a02,,market,market,TSLA,buy,354.292133,487,2026-04-14T20:13:47.506219+00:00
131f6794-7b54-457c-8b43-81c3efaf8a02,,spoofer_002,spoofer,TSLA,sell,354.292133,487,2026-04-14T20:13:47.506219+00:00
4761bda0-f542-4a14-a8bd-b77a568635ad,,market,market,AAPL,buy,246.011245,338,2026-04-14T20:13:46.358773+00:00
4761bda0-f542-4a14-a8bd-b77a568635ad,,normal_016,normal,AAPL,sell,246.011245,338,2026-04-14T20:13:46.358773+00:00
ea522b1e-cf53-4ac3-a4a5-ad377ac43c09,,wash_001a,wash_trader,TSLA,buy,354.291457,677,2026-04-14T20:13:46.356145+00:00
ea522b1e-cf53-4ac3-a4a5-ad377ac43c09,,wash_001b,wash_trader,TSLA,sell,354.291457,677,2026-04-14T20:13:46.356145+00:00
921c7023-77c0-439f-b4cc-c66860305c8a,,spoofer_003,spoofer,BINANCE:BTCUSDT,buy,66918.77813,318,2026-04-14T20:13:46.351341+00:00
921c7023-77c0-439f-b4cc-c66860305c8a,,market,market,BINANCE:BTCUSDT,sell,66918.77813,318,2026-04-14T20:13:46.351341+00:00
8f77f778-4336-4749-90a2-e5397f268c74,,wash_002a,wash_trader,BINANCE:XRPUSDT,buy,1.332763,176,2026-04-14T20:13:42.682126+00:00
8f77f778-4336-4749-90a2-e5397f268c74,,wash_002b,wash_trader,BINANCE:XRPUSDT,sell,1.332763,176,2026-04-14T20:13:42.682126+00:00
d6a06465-9880-48a8-90fa-95b09f5c6d42,,market,market,BINANCE:BTCUSDT,buy,66771.46193,58,2026-04-14T20:13:41.674903+00:00
d6a06465-9880-48a8-90fa-95b09f5c6d42,,normal_009,normal,BINANCE:BTCUSDT,sell,66771.46193,58,2026-04-14T20:13:41.674903+00:00
f0daae69-32f0-4246-a720-d1c8466bfebf,,spoofer_003,spoofer,BINANCE:BTCUSDT,buy,66894.578907,318,2026-04-14T20:13:40.668655+00:00
f0daae69-32f0-4246-a720-d1c8466bfebf,,market,market,BINANCE:BTCUSDT,sell,66894.578907,318,2026-04-14T20:13:40.668655+00:00
9b73e040-5766-4e2e-a0c8-55ffc4f7ff2a,,normal_014,normal,BINANCE:BTCUSDT,buy,66855.505608,226,2026-04-14T20:13:38.995170+00:00
9b73e040-5766-4e2e-a0c8-55ffc4f7ff2a,,market,market,BINANCE:BTCUSDT,sell,66855.505608,226,2026-04-14T20:13:38.995170+00:00
541e6f89-3e7a-4073-9fac-a999a642b990,,market,market,BINANCE:BTCUSDT,buy,66904.275956,318,2026-04-14T20:13:26.187353+00:00
541e6f89-3e7a-4073-9fac-a999a642b990,,spoofer_003,spoofer,BINANCE:BTCUSDT,sell,66904.275956,318,2026-04-14T20:13:26.187353+00:00
390fa718-5a0f-467e-9f26-83cbe82eac71,,market,market,AAPL,buy,245.828039,480,2026-04-14T20:13:24.190057+00:00
390fa718-5a0f-467e-9f26-83cbe82eac71,,spoofer_001,spoofer,AAPL,sell,245.828039,480,2026-04-14T20:13:24.190057+00:00
3cd6376d-c49c-40e8-8bae-6bb84d7c0ab1,,wash_002a,wash_trader,BINANCE:XRPUSDT,buy,1.332364,178,2026-04-14T20:12:26.825995+00:00
3cd6376d-c49c-40e8-8bae-6bb84d7c0ab1,,wash_002b,wash_trader,BINANCE:XRPUSDT,sell,1.332364,178,2026-04-14T20:12:26.825995+00:00
6719e5d5-f45b-4ce3-ab1e-ece55538fe8f,,market,market,AAPL,buy,245.80121,116,2026-04-14T20:12:20.816513+00:00
6719e5d5-f45b-4ce3-ab1e-ece55538fe8f,,normal_015,normal,AAPL,sell,245.80121,116,2026-04-14T20:12:20.816513+00:00
420ac3d9-8f77-43e4-b987-8d31593b55ec,,spoofer_002,spoofer,TSLA,buy,353.924554,487,2026-04-14T20:12:20.460412+00:00
420ac3d9-8f77-43e4-b987-8d31593b55ec,,market,market,TSLA,sell,353.924554,487,2026-04-14T20:12:20.460412+00:00
b9729b96-e85f-49c9-9544-899ef0bddb59,,market,market,TSLA,buy,354.219635,487,2026-04-14T20:12:18.594597+00:00
b9729b96-e85f-49c9-9544-899ef0bddb59,,spoofer_002,spoofer,TSLA,sell,354.219635,487,2026-04-14T20:12:18.594597+00:00
a08aadcc-352f-4350-90e4-783ef1eb1a77,,normal_012,normal,BINANCE:ETHUSDT,buy,2043.120128,431,2026-04-14T20:12:16.813909+00:00
a08aadcc-352f-4350-90e4-783ef1eb1a77,,market,market,BINANCE:ETHUSDT,sell,2043.120128,431,2026-04-14T20:12:16.813909+00:00
e6643107-87c4-445d-b0dc-09d6378f5705,,market,market,TSLA,buy,354.385592,487,2026-04-14T20:12:16.399634+00:00
e6643107-87c4-445d-b0dc-09d6378f5705,,spoofer_002,spoofer,TSLA,sell,354.385592,487,2026-04-14T20:12:16.399634+00:00
56889cc9-6a86-4b0f-9d83-26e36074a990,,wash_002b,wash_trader,BINANCE:XRPUSDT,buy,1.332684,180,2026-04-14T20:12:14.506468+00:00
56889cc9-6a86-4b0f-9d83-26e36074a990,,wash_002a,wash_trader,BINANCE:XRPUSDT,sell,1.332684,180,2026-04-14T20:12:14.506468+00:00
a31a5aee-7cd7-4d92-9afd-7398d85d4f17,,spoofer_002,spoofer,TSLA,buy,354.080169,487,2026-04-14T20:12:14.505322+00:00
a31a5aee-7cd7-4d92-9afd-7398d85d4f17,,market,market,TSLA,sell,354.080169,487,2026-04-14T20:12:14.505322+00:00
8f4995e7-5bf4-4b12-be4a-5c6fa31dd99f,,normal_012,normal,AAPL,buy,245.866408,474,2026-04-14T20:11:04.946984+00:00
8f4995e7-5bf4-4b12-be4a-5c6fa31dd99f,,market,market,AAPL,sell,245.866408,474,2026-04-14T20:11:04.946984+00:00
87bd34bb-254c-40e4-be77-b4a644ec1765,,spoofer_003,spoofer,BINANCE:BTCUSDT,buy,66923.523914,318,2026-04-14T20:10:57.427659+00:00
87bd34bb-254c-40e4-be77-b4a644ec1765,,market,market,BINANCE:BTCUSDT,sell,66923.523914,318,2026-04-14T20:10:57.427659+00:00
b492b326-ee40-421a-84b7-b7bc184c4bc8,,market,market,AAPL,buy,246.295431,158,2026-04-14T20:10:55.897825+00:00
b492b326-ee40-421a-84b7-b7bc184c4bc8,,normal_015,normal,AAPL,sell,246.295431,158,2026-04-14T20:10:55.897825+00:00
df02dd13-9999-499a-b815-f713b02cc82c,,market,market,BINANCE:ETHUSDT,buy,2041.702334,495,2026-04-14T20:10:55.897053+00:00
df02dd13-9999-499a-b815-f713b02cc82c,,normal_011,normal,BINANCE:ETHUSDT,sell,2041.702334,495,2026-04-14T20:10:55.897053+00:00
6a95d0ff-2356-40c5-a746-22b6df5ad12f,,spoofer_003,spoofer,BINANCE:BTCUSDT,buy,66842.33687,318,2026-04-14T20:10:53.885646+00:00
6a95d0ff-2356-40c5-a746-22b6df5ad12f,,market,market,BINANCE:BTCUSDT,sell,66842.33687,318,2026-04-14T20:10:53.885646+00:00
e551a838-5a19-45ac-a2b8-c4240dcdf75d,,wash_001b,wash_trader,TSLA,buy,354.300926,669,2026-04-14T20:10:53.886848+00:00
e551a838-5a19-45ac-a2b8-c4240dcdf75d,,wash_001a,wash_trader,TSLA,sell,354.300926,669,2026-04-14T20:10:53.886848+00:00
5982fba7-139c-4593-ab4c-92f266350f47,,market,market,AAPL,buy,245.790338,480,2026-04-14T20:10:50.943225+00:00
5982fba7-139c-4593-ab4c-92f266350f47,,spoofer_001,spoofer,AAPL,sell,245.790338,480,2026-04-14T20:10:50.943225+00:00
84ecf472-fd68-4e5d-ad4b-2d4cc96b5ade,,spoofer_003,spoofer,BINANCE:BTCUSDT,buy,66852.609685,318,2026-04-14T20:10:48.703867+00:00
84ecf472-fd68-4e5d-ad4b-2d4cc96b5ade,,market,market,BINANCE:BTCUSDT,sell,66852.609685,318,2026-04-14T20:10:48.703867+00:00
209df4eb-9f7c-4979-9080-59f4c2bf59db,,market,market,TSLA,buy,353.974362,487,2026-04-14T20:10:46.484289+00:00
209df4eb-9f7c-4979-9080-59f4c2bf59db,,spoofer_002,spoofer,TSLA,sell,353.974362,487,2026-04-14T20:10:46.484289+00:00
f86835b3-afb4-422d-92d1-c782d081ded6,,spoofer_001,spoofer,AAPL,buy,245.939176,480,2026-04-14T20:10:44.696266+00:00
f86835b3-afb4-422d-92d1-c782d081ded6,,market,market,AAPL,sell,245.939176,480,2026-04-14T20:10:44.696266+00:00
d7a574ab-c6f3-46fd-9788-1ba408837719,,spoofer_003,spoofer,BINANCE:BTCUSDT,buy,66887.346364,318,2026-04-14T20:10:42.526756+00:00
d7a574ab-c6f3-46fd-9788-1ba408837719,,market,market,BINANCE:BTCUSDT,sell,66887.346364,318,2026-04-14T20:10:42.526756+00:00
062370ee-8489-4f42-992c-4eaf293c8108,,normal_016,normal,AAPL,buy,246.361248,341,2026-04-14T20:10:40.050559+00:00
062370ee-8489-4f42-992c-4eaf293c8108,,market,market,AAPL,sell,246.361248,341,2026-04-14T20:10:40.050559+00:00
049b4f30-cac4-4651-9c69-15d07440a5ab,,spoofer_001,spoofer,AAPL,buy,246.232439,480,2026-04-14T20:10:39.040578+00:00
049b4f30-cac4-4651-9c69-15d07440a5ab,,market,market,AAPL,sell,246.232439,480,2026-04-14T20:10:39.040578+00:00
ebf8d64d-0dda-4b1f-94de-1e51baad28ca,,wash_001b,wash_trader,TSLA,buy,354.070606,682,2026-04-14T20:10:39.041285+00:00
ebf8d64d-0dda-4b1f-94de-1e51baad28ca,,wash_001a,wash_trader,TSLA,sell,354.070606,682,2026-04-14T20:10:39.041285+00:00
31055571-6b60-4e34-8f7c-5c172b2ae01c,,wash_001b,wash_trader,TSLA,buy,354.131167,684,2026-04-14T20:10:29.510754+00:00
31055571-6b60-4e34-8f7c-5c172b2ae01c,,wash_001a,wash_trader,TSLA,sell,354.131167,684,2026-04-14T20:10:29.510754+00:00
7f566461-6a91-4273-b2b9-478ae04e4b3b,,market,market,AAPL,buy,246.400158,258,2026-04-14T20:10:29.510604+00:00
7f566461-6a91-4273-b2b9-478ae04e4b3b,,normal_017,normal,AAPL,sell,246.400158,258,2026-04-14T20:10:29.510604+00:00
d5b01e08-a076-4ae8-abb8-387bae75b49a,,normal_005,normal,TSLA,buy,354.228612,360,2026-04-14T20:10:27.509463+00:00
d5b01e08-a076-4ae8-abb8-387bae75b49a,,market,market,TSLA,sell,354.228612,360,2026-04-14T20:10:27.509463+00:00
c73de176-56a8-407d-a09a-c97f27492336,,market,market,BINANCE:BTCUSDT,buy,66914.35041,138,2026-04-14T20:10:27.509051+00:00
c73de176-56a8-407d-a09a-c97f27492336,,normal_003,normal,BINANCE:BTCUSDT,sell,66914.35041,138,2026-04-14T20:10:27.509051+00:00
f9e8cfd0-f7ea-47cf-9c2b-61e74be72cde,,wash_002a,wash_trader,BINANCE:XRPUSDT,buy,1.332252,175,2026-04-14T20:10:25.499788+00:00
f9e8cfd0-f7ea-47cf-9c2b-61e74be72cde,,wash_002b,wash_trader,BINANCE:XRPUSDT,sell,1.332252,175,2026-04-14T20:10:25.499788+00:00
99182bc3-f319-4468-9cab-eaa51d767784,,market,market,AAPL,buy,245.886139,480,2026-04-14T20:10:25.494407+00:00
99182bc3-f319-4468-9cab-eaa51d767784,,spoofer_001,spoofer,AAPL,sell,245.886139,480,2026-04-14T20:10:25.494407+00:00
d09db3de-96e5-4cbe-9e26-cd9f726ad00d,,spoofer_002,spoofer,TSLA,buy,354.438898,487,2026-04-14T20:10:23.748699+00:00
d09db3de-96e5-4cbe-9e26-cd9f726ad00d,,market,market,TSLA,sell,354.438898,487,2026-04-14T20:10:23.748699+00:00
3c668aa7-06eb-4f30-afc4-1e75ab4e90bd,,normal_019,normal,AAPL,buy,245.624572,474,2026-04-14T20:10:23.030575+00:00
3c668aa7-06eb-4f30-afc4-1e75ab4e90bd,,market,market,AAPL,sell,245.624572,474,2026-04-14T20:10:23.030575+00:00
a05cb2d2-c65a-4e11-9335-e62090c39f57,,wash_002a,wash_trader,BINANCE:XRPUSDT,buy,1.332948,170,2026-04-14T20:10:23.027866+00:00
a05cb2d2-c65a-4e11-9335-e62090c39f57,,wash_002b,wash_trader,BINANCE:XRPUSDT,sell,1.332948,170,2026-04-14T20:10:23.027866+00:00
4bd8825a-4385-4594-9438-3beccd2b27fe,,market,market,TSLA,buy,354.462105,487,2026-04-14T20:10:23.027709+00:00
4bd8825a-4385-4594-9438-3beccd2b27fe,,spoofer_002,spoofer,TSLA,sell,354.462105,487,2026-04-14T20:10:23.027709+00:00
645fa49b-bc5b-462f-9b7b-2409703c990c,,market,market,BINANCE:ETHUSDT,buy,2038.585577,153,2026-04-14T20:10:20.896550+00:00
645fa49b-bc5b-462f-9b7b-2409703c990c,,normal_017,normal,BINANCE:ETHUSDT,sell,2038.585577,153,2026-04-14T20:10:20.896550+00:00
1bdf331a-4942-4f7e-a24c-8a2e3dc25035,,market,market,TSLA,buy,353.969188,487,2026-04-14T20:10:20.891942+00:00
1bdf331a-4942-4f7e-a24c-8a2e3dc25035,,spoofer_002,spoofer,TSLA,sell,353.969188,487,2026-04-14T20:10:20.891942+00:00
d1768648-655a-4de6-a675-8e853f8c13b3,,market,market,BINANCE:ETHUSDT,buy,2041.276937,390,2026-04-14T20:10:18.748836+00:00
d1768648-655a-4de6-a675-8e853f8c13b3,,normal_016,normal,BINANCE:ETHUSDT,sell,2041.276937,390,2026-04-14T20:10:18.748836+00:00
01f89308-a9db-4a85-a871-06020c5aa67d,,market,market,BINANCE:BTCUSDT,buy,66921.757342,318,2026-04-14T20:10:18.744706+00:00
01f89308-a9db-4a85-a871-06020c5aa67d,,spoofer_003,spoofer,BINANCE:BTCUSDT,sell,66921.757342,318,2026-04-14T20:10:18.744706+00:00
44faea9c-2c9b-4d0f-aa82-a24a37fbbe16,,market,market,TSLA,buy,354.23016,487,2026-04-14T20:10:16.966450+00:00
44faea9c-2c9b-4d0f-aa82-a24a37fbbe16,,spoofer_002,spoofer,TSLA,sell,354.23016,487,2026-04-14T20:10:16.966450+00:00
bfa2b4b5-456d-4b55-8670-cdf53d282db8,,spoofer_003,spoofer,BINANCE:BTCUSDT,buy,66916.003633,318,2026-04-14T20:10:16.240207+00:00
bfa2b4b5-456d-4b55-8670-cdf53d282db8,,market,market,BINANCE:BTCUSDT,sell,66916.003633,318,2026-04-14T20:10:16.240207+00:00
76cc1598-2298-43f7-8080-4798ca2d0cc9,,spoofer_002,spoofer,TSLA,buy,353.86877,487,2026-04-14T20:10:12.603676+00:00
76cc1598-2298-43f7-8080-4798ca2d0cc9,,market,market,TSLA,sell,353.86877,487,2026-04-14T20:10:12.603676+00:00
3880124e-0a06-460d-8ce9-e12b792a7080,,wash_001b,wash_trader,TSLA,buy,354.390389,674,2026-04-14T20:10:09.956263+00:00
3880124e-0a06-460d-8ce9-e12b792a7080,,wash_001a,wash_trader,TSLA,sell,354.390389,674,2026-04-14T20:10:09.956263+00:00
4231bb1c-cc2b-4e5a-bfe4-1af71e576743,,wash_002b,wash_trader,BINANCE:XRPUSDT,buy,1.332916,176,2026-04-14T20:10:08.950443+00:00
4231bb1c-cc2b-4e5a-bfe4-1af71e576743,,wash_002a,wash_trader,BINANCE:XRPUSDT,sell,1.332916,176,2026-04-14T20:10:08.950443+00:00
f4ffa25b-fa92-4897-9816-cfa84ec4f167,,market,market,BINANCE:BTCUSDT,buy,66959.165833,318,2026-04-14T20:10:05.932230+00:00
f4ffa25b-fa92-4897-9816-cfa84ec4f167,,spoofer_003,spoofer,BINANCE:BTCUSDT,sell,66959.165833,318,2026-04-14T20:10:05.932230+00:00
3615eb2d-9d6a-4a46-9a0e-3b66957caac6,,spoofer_003,spoofer,BINANCE:BTCUSDT,buy,66890.7472,318,2026-04-14T20:10:04.461507+00:00
3615eb2d-9d6a-4a46-9a0e-3b66957caac6,,market,market,BINANCE:BTCUSDT,sell,66890.7472,318,2026-04-14T20:10:04.461507+00:00
ea75bb6b-0e03-4260-a72b-b2c63ab76b49,,spoofer_003,spoofer,BINANCE:BTCUSDT,buy,66930.889506,318,2026-04-14T20:10:02.022526+00:00
ea75bb6b-0e03-4260-a72b-b2c63ab76b49,,market,market,BINANCE:BTCUSDT,sell,66930.889506,318,2026-04-14T20:10:02.022526+00:00
f7531dbc-3156-41c3-abc6-6df32bc8863a,,spoofer_003,spoofer,BINANCE:BTCUSDT,buy,66919.713799,318,2026-04-14T20:10:00.128342+00:00
f7531dbc-3156-41c3-abc6-6df32bc8863a,,market,market,BINANCE:BTCUSDT,sell,66919.713799,318,2026-04-14T20:10:00.128342+00:00
a7059e83-4748-4c97-9ce5-41127882ee81,,spoofer_001,spoofer,AAPL,buy,245.967342,480,2026-04-14T20:09:58.056623+00:00
a7059e83-4748-4c97-9ce5-41127882ee81,,market,market,AAPL,sell,245.967342,480,2026-04-14T20:09:58.056623+00:00
d61dc8af-eff5-455e-835a-269802a09c32,,spoofer_003,spoofer,BINANCE:BTCUSDT,buy,66899.320931,318,2026-04-14T20:09:54.362992+00:00
d61dc8af-eff5-455e-835a-269802a09c32,,market,market,BINANCE:BTCUSDT,sell,66899.320931,318,2026-04-14T20:09:54.362992+00:00
cd1e5af5-657b-4e15-abcd-d09507e34899,,spoofer_002,spoofer,TSLA,buy,354.32139,487,2026-04-14T20:09:52.186513+00:00
cd1e5af5-657b-4e15-abcd-d09507e34899,,market,market,TSLA,sell,354.32139,487,2026-04-14T20:09:52.186513+00:00
ab61d10e-4972-4f0d-aeae-c038f25d334b,,spoofer_003,spoofer,BINANCE:BTCUSDT,buy,66938.713321,318,2026-04-14T20:09:46.136399+00:00
ab61d10e-4972-4f0d-aeae-c038f25d334b,,market,market,BINANCE:BTCUSDT,sell,66938.713321,318,2026-04-14T20:09:46.136399+00:00
4a6ee8e8-6fad-4a8c-bab0-74abdc5389a0,,spoofer_002,spoofer,TSLA,buy,354.032861,487,2026-04-14T20:09:43.890797+00:00
4a6ee8e8-6fad-4a8c-bab0-74abdc5389a0,,market,market,TSLA,sell,354.032861,487,2026-04-14T20:09:43.890797+00:00
7ab8aee8-7ec0-4f37-845e-7762ce992ec6,,wash_001b,wash_trader,TSLA,buy,354.126227,687,2026-04-14T20:09:41.982561+00:00
7ab8aee8-7ec0-4f37-845e-7762ce992ec6,,wash_001a,wash_trader,TSLA,sell,354.126227,687,2026-04-14T20:09:41.982561+00:00
8b734df2-0db5-4be3-abf1-6fd1c43bdc48,,market,market,TSLA,buy,353.954664,487,2026-04-14T20:09:41.981979+00:00
8b734df2-0db5-4be3-abf1-6fd1c43bdc48,,spoofer_002,spoofer,TSLA,sell,353.954664,487,2026-04-14T20:09:41.981979+00:00
e638796e-380e-46b6-af21-a9dc421fda33,,market,market,AAPL,buy,246.390797,204,2026-04-14T20:09:41.046527+00:00
e638796e-380e-46b6-af21-a9dc421fda33,,normal_017,normal,AAPL,sell,246.390797,204,2026-04-14T20:09:41.046527+00:00
61fe2577-c085-44cf-855b-f309c13f0dbd,,spoofer_003,spoofer,BINANCE:BTCUSDT,buy,66847.396507,318,2026-04-14T20:09:41.043458+00:00
61fe2577-c085-44cf-855b-f309c13f0dbd,,market,market,BINANCE:BTCUSDT,sell,66847.396507,318,2026-04-14T20:09:41.043458+00:00
cea52121-c05a-44fd-bfa7-8536322970a5,,spoofer_003,spoofer,BINANCE:BTCUSDT,buy,66926.323597,318,2026-04-14T20:09:39.228428+00:00
cea52121-c05a-44fd-bfa7-8536322970a5,,market,market,BINANCE:BTCUSDT,sell,66926.323597,318,2026-04-14T20:09:39.228428+00:00
a713f524-98ac-4c54-a243-88729c2cdd38,,market,market,TSLA,buy,354.625365,340,2026-04-14T20:09:34.113909+00:00
a713f524-98ac-4c54-a243-88729c2cdd38,,normal_005,normal,TSLA,sell,354.625365,340,2026-04-14T20:09:34.113909+00:00
f71d8968-fb4a-4a66-9106-c1a20c56ff33,,market,market,TSLA,buy,354.523465,487,2026-04-14T20:09:33.101419+00:00
f71d8968-fb4a-4a66-9106-c1a20c56ff33,,spoofer_002,spoofer,TSLA,sell,354.523465,487,2026-04-14T20:09:33.101419+00:00
1f4e156d-95e7-45ff-b506-95d72d12782d,,normal_014,normal,BINANCE:BTCUSDT,buy,66896.862247,319,2026-04-14T20:09:27.933605+00:00
1f4e156d-95e7-45ff-b506-95d72d12782d,,market,market,BINANCE:BTCUSDT,sell,66896.862247,319,2026-04-14T20:09:27.933605+00:00
99846ff7-9d93-4f12-86bc-4372bac0b215,,spoofer_003,spoofer,BINANCE:BTCUSDT,buy,66911.140183,318,2026-04-14T20:09:27.899727+00:00
99846ff7-9d93-4f12-86bc-4372bac0b215,,market,market,BINANCE:BTCUSDT,sell,66911.140183,318,2026-04-14T20:09:27.899727+00:00
a73aa1ed-f8ec-4e5a-a80b-838b0e4d7d8e,,market,market,TSLA,buy,354.128102,487,2026-04-14T20:09:26.061803+00:00
a73aa1ed-f8ec-4e5a-a80b-838b0e4d7d8e,,spoofer_002,spoofer,TSLA,sell,354.128102,487,2026-04-14T20:09:26.061803+00:00
e57ef332-c50a-47cc-8ff7-fde6db10cbcb,,spoofer_001,spoofer,AAPL,buy,245.98537,480,2026-04-14T20:09:25.119360+00:00
e57ef332-c50a-47cc-8ff7-fde6db10cbcb,,market,market,AAPL,sell,245.98537,480,2026-04-14T20:09:25.119360+00:00
55bbce12-a78b-4016-b5d2-0dbebb011141,,spoofer_002,spoofer,TSLA,buy,354.358222,487,2026-04-14T20:09:21.470841+00:00
55bbce12-a78b-4016-b5d2-0dbebb011141,,market,market,TSLA,sell,354.358222,487,2026-04-14T20:09:21.470841+00:00
1d6d6f60-c2b4-4e78-9f09-99b7705a32d9,,normal_012,normal,BINANCE:ETHUSDT,buy,2039.7661,399,2026-04-14T20:09:20.808078+00:00
1d6d6f60-c2b4-4e78-9f09-99b7705a32d9,,market,market,BINANCE:ETHUSDT,sell,2039.7661,399,2026-04-14T20:09:20.808078+00:00
b7798bcb-ac0e-4db6-ac24-2e92ed8f7620,,wash_002b,wash_trader,BINANCE:XRPUSDT,buy,1.33248,181,2026-04-14T20:09:19.802607+00:00
b7798bcb-ac0e-4db6-ac24-2e92ed8f7620,,wash_002a,wash_trader,BINANCE:XRPUSDT,sell,1.33248,181,2026-04-14T20:09:19.802607+00:00
3842fbc9-487f-42f8-9895-af41917f0751,,market,market,TSLA,buy,354.140663,487,2026-04-14T20:09:19.761759+00:00
3842fbc9-487f-42f8-9895-af41917f0751,,spoofer_002,spoofer,TSLA,sell,354.140663,487,2026-04-14T20:09:19.761759+00:00
c99cd46e-2478-4039-a560-87208f3d0912,,market,market,TSLA,buy,354.526946,487,2026-04-14T20:09:18.796635+00:00
c99cd46e-2478-4039-a560-87208f3d0912,,spoofer_002,spoofer,TSLA,sell,354.526946,487,2026-04-14T20:09:18.796635+00:00
85ca2b67-bcbb-48a4-971f-755105a6eac1,,market,market,BINANCE:XRPUSDT,buy,1.333226,555,2026-04-14T20:09:17.681879+00:00
85ca2b67-bcbb-48a4-971f-755105a6eac1,,normal_020,normal,BINANCE:XRPUSDT,sell,1.333226,555,2026-04-14T20:09:17.681879+00:00
33139cc0-6223-4ec9-9a3d-40bd99339c5b,,spoofer_003,spoofer,BINANCE:BTCUSDT,buy,66902.092988,318,2026-04-14T20:09:17.675942+00:00
33139cc0-6223-4ec9-9a3d-40bd99339c5b,,market,market,BINANCE:BTCUSDT,sell,66902.092988,318,2026-04-14T20:09:17.675942+00:00
37e27cb1-8cdb-4380-a07f-a3015b1f50ab,,wash_001b,wash_trader,TSLA,buy,354.220074,683,2026-04-14T20:07:54.923761+00:00
37e27cb1-8cdb-4380-a07f-a3015b1f50ab,,wash_001a,wash_trader,TSLA,sell,354.220074,683,2026-04-14T20:07:54.923761+00:00
1cf40397-6a5b-42df-8214-c7afaae72eef,,market,market,BINANCE:BTCUSDT,buy,66936.37774,318,2026-04-14T20:07:33.202564+00:00
1cf40397-6a5b-42df-8214-c7afaae72eef,,spoofer_003,spoofer,BINANCE:BTCUSDT,sell,66936.37774,318,2026-04-14T20:07:33.202564+00:00
e3e8b610-c77a-43da-a110-b1edfd1c93da,,market,market,BINANCE:XRPUSDT,buy,1.333402,107,2026-04-14T20:07:31.683917+00:00
e3e8b610-c77a-43da-a110-b1edfd1c93da,,normal_015,normal,BINANCE:XRPUSDT,sell,1.333402,107,2026-04-14T20:07:31.683917+00:00
aba34d5c-6580-497e-b25d-55c962344ae2,,wash_001a,wash_trader,TSLA,buy,354.216453,681,2026-04-14T20:07:30.681928+00:00
aba34d5c-6580-497e-b25d-55c962344ae2,,wash_001b,wash_trader,TSLA,sell,354.216453,681,2026-04-14T20:07:30.681928+00:00
3d980cac-854f-4b1c-946d-43737a50b92b,,market,market,BINANCE:BTCUSDT,buy,66897.335898,212,2026-04-14T20:07:27.677571+00:00
3d980cac-854f-4b1c-946d-43737a50b92b,,normal_007,normal,BINANCE:BTCUSDT,sell,66897.335898,212,2026-04-14T20:07:27.677571+00:00
624beb53-d3d6-4e7e-92d1-cc41e0be813b,,market,market,BINANCE:BTCUSDT,buy,66925.630689,318,2026-04-14T20:07:23.656664+00:00
624beb53-d3d6-4e7e-92d1-cc41e0be813b,,spoofer_003,spoofer,BINANCE:BTCUSDT,sell,66925.630689,318,2026-04-14T20:07:23.656664+00:00
adee1c2d-4e4f-4130-8b7d-10298f5dd695,,spoofer_001,spoofer,AAPL,buy,245.869932,480,2026-04-14T20:07:20.414863+00:00
adee1c2d-4e4f-4130-8b7d-10298f5dd695,,market,market,AAPL,sell,245.869932,480,2026-04-14T20:07:20.414863+00:00
7beba918-e19d-43c7-8077-30dfb6fbfa34,,spoofer_003,spoofer,BINANCE:BTCUSDT,buy,66940.75607,318,2026-04-14T20:07:18.972401+00:00
7beba918-e19d-43c7-8077-30dfb6fbfa34,,market,market,BINANCE:BTCUSDT,sell,66940.75607,318,2026-04-14T20:07:18.972401+00:00
e617c10e-00be-4a5b-b106-4d9c90774404,,market,market,BINANCE:BTCUSDT,buy,66951.843419,318,2026-04-14T20:07:17.640954+00:00
e617c10e-00be-4a5b-b106-4d9c90774404,,spoofer_003,spoofer,BINANCE:BTCUSDT,sell,66951.843419,318,2026-04-14T20:07:17.640954+00:00
a0c6bd90-828d-4580-8243-b96b276dcce4,,market,market,BINANCE:BTCUSDT,buy,66829.400989,318,2026-04-14T20:07:15.670147+00:00
a0c6bd90-828d-4580-8243-b96b276dcce4,,spoofer_003,spoofer,BINANCE:BTCUSDT,sell,66829.400989,318,2026-04-14T20:07:15.670147+00:00
a252aae7-dbf6-4762-af33-416661ed3fa2,,spoofer_002,spoofer,TSLA,buy,354.228885,487,2026-04-14T20:07:13.420206+00:00
a252aae7-dbf6-4762-af33-416661ed3fa2,,market,market,TSLA,sell,354.228885,487,2026-04-14T20:07:13.420206+00:00
2a389340-38c8-49fe-ae8a-21880c7e0b6d,,market,market,BINANCE:BTCUSDT,buy,66929.923527,318,2026-04-14T20:07:12.555713+00:00
2a389340-38c8-49fe-ae8a-21880c7e0b6d,,spoofer_003,spoofer,BINANCE:BTCUSDT,sell,66929.923527,318,2026-04-14T20:07:12.555713+00:00
887508bb-5295-4905-a68d-c377f2a1903f,,spoofer_003,spoofer,BINANCE:BTCUSDT,buy,66832.550901,318,2026-04-14T20:07:10.019092+00:00
887508bb-5295-4905-a68d-c377f2a1903f,,market,market,BINANCE:BTCUSDT,sell,66832.550901,318,2026-04-14T20:07:10.019092+00:00
7f29dab8-9b66-4821-9493-7cfc5da1f00c,,wash_002b,wash_trader,BINANCE:XRPUSDT,buy,1.332888,180,2026-04-14T20:07:10.019917+00:00
7f29dab8-9b66-4821-9493-7cfc5da1f00c,,wash_002a,wash_trader,BINANCE:XRPUSDT,sell,1.332888,180,2026-04-14T20:07:10.019917+00:00
2c8c72ca-0115-42c3-9755-ecfac5360422,,wash_002a,wash_trader,BINANCE:XRPUSDT,buy,1.332192,178,2026-04-14T20:05:53.170386+00:00
2c8c72ca-0115-42c3-9755-ecfac5360422,,wash_002b,wash_trader,BINANCE:XRPUSDT,sell,1.332192,178,2026-04-14T20:05:53.170386+00:00
676179e0-848a-4ec5-8094-defe89c963ed,,market,market,AAPL,buy,245.791809,480,2026-04-14T20:05:52.163335+00:00
676179e0-848a-4ec5-8094-defe89c963ed,,spoofer_001,spoofer,AAPL,sell,245.791809,480,2026-04-14T20:05:52.163335+00:00
df438f7d-ec46-4b00-8238-a3d48161face,,spoofer_003,spoofer,BINANCE:BTCUSDT,buy,66867.357079,318,2026-04-14T20:05:50.888443+00:00
df438f7d-ec46-4b00-8238-a3d48161face,,market,market,BINANCE:BTCUSDT,sell,66867.357079,318,2026-04-14T20:05:50.888443+00:00
a76d7018-35e5-4c6a-b808-6ec41e580d9f,,market,market,AAPL,buy,245.817139,480,2026-04-14T20:05:49.474661+00:00
a76d7018-35e5-4c6a-b808-6ec41e580d9f,,spoofer_001,spoofer,AAPL,sell,245.817139,480,2026-04-14T20:05:49.474661+00:00
a5b47e1d-1f7e-4b71-a909-6d684a921e1a,,wash_002a,wash_trader,BINANCE:XRPUSDT,buy,1.333026,174,2026-04-14T20:05:49.475166+00:00
a5b47e1d-1f7e-4b71-a909-6d684a921e1a,,wash_002b,wash_trader,BINANCE:XRPUSDT,sell,1.333026,174,2026-04-14T20:05:49.475166+00:00
d94a9f71-c6c8-4b00-9323-7cdb037fb48f,,market,market,BINANCE:BTCUSDT,buy,66892.095705,327,2026-04-14T20:05:48.116152+00:00
d94a9f71-c6c8-4b00-9323-7cdb037fb48f,,normal_014,normal,BINANCE:BTCUSDT,sell,66892.095705,327,2026-04-14T20:05:48.116152+00:00
fa3c3d3b-eeb0-4eb3-8dde-fd24912632db,,wash_001b,wash_trader,TSLA,buy,354.343758,685,2026-04-14T20:05:47.112692+00:00
fa3c3d3b-eeb0-4eb3-8dde-fd24912632db,,wash_001a,wash_trader,TSLA,sell,354.343758,685,2026-04-14T20:05:47.112692+00:00
0561f662-32a8-4ae5-b30d-2ad18ebeecb5,,normal_020,normal,BINANCE:XRPUSDT,buy,1.333235,415,2026-04-14T20:05:46.112454+00:00
0561f662-32a8-4ae5-b30d-2ad18ebeecb5,,market,market,BINANCE:XRPUSDT,sell,1.333235,415,2026-04-14T20:05:46.112454+00:00
d3d4c198-cbbb-4223-9880-68684b43e54b,,wash_002b,wash_trader,BINANCE:XRPUSDT,buy,1.332603,184,2026-04-14T20:05:43.095265+00:00
d3d4c198-cbbb-4223-9880-68684b43e54b,,wash_002a,wash_trader,BINANCE:XRPUSDT,sell,1.332603,184,2026-04-14T20:05:43.095265+00:00
c28293dc-e16b-41b9-916c-735865a9f3ec,,spoofer_003,spoofer,BINANCE:BTCUSDT,buy,66895.477457,318,2026-04-14T20:05:43.091691+00:00
c28293dc-e16b-41b9-916c-735865a9f3ec,,market,market,BINANCE:BTCUSDT,sell,66895.477457,318,2026-04-14T20:05:43.091691+00:00
c0b65c0a-f653-4308-9b5f-8ecd85a30ef4,,wash_001b,wash_trader,TSLA,buy,354.319544,682,2026-04-14T20:05:40.042178+00:00
c0b65c0a-f653-4308-9b5f-8ecd85a30ef4,,wash_001a,wash_trader,TSLA,sell,354.319544,682,2026-04-14T20:05:40.042178+00:00
7ff368bc-6b23-4e2c-b09a-93c96abfc9b6,,spoofer_001,spoofer,AAPL,buy,245.967623,480,2026-04-14T20:05:35.028238+00:00
7ff368bc-6b23-4e2c-b09a-93c96abfc9b6,,market,market,AAPL,sell,245.967623,480,2026-04-14T20:05:35.028238+00:00
733f8b13-a275-4ce6-98e9-90dae96a59be,,normal_014,normal,BINANCE:BTCUSDT,buy,66886.324719,295,2026-04-14T20:05:33.946002+00:00
733f8b13-a275-4ce6-98e9-90dae96a59be,,market,market,BINANCE:BTCUSDT,sell,66886.324719,295,2026-04-14T20:05:33.946002+00:00
ff47d5c8-11d5-4a00-a605-e64ec5e5e29a,,market,market,BINANCE:BTCUSDT,buy,66942.017971,318,2026-04-14T20:05:28.934292+00:00
ff47d5c8-11d5-4a00-a605-e64ec5e5e29a,,spoofer_003,spoofer,BINANCE:BTCUSDT,sell,66942.017971,318,2026-04-14T20:05:28.934292+00:00
3cf181ae-306f-4b01-99a6-500e314dcb0c,,market,market,TSLA,buy,354.775311,435,2026-04-14T20:05:20.655757+00:00
3cf181ae-306f-4b01-99a6-500e314dcb0c,,normal_010,normal,TSLA,sell,354.775311,435,2026-04-14T20:05:20.655757+00:00
2902b326-7c3f-40b6-9ebe-f76e5dc38c83,,spoofer_002,spoofer,TSLA,buy,354.356642,487,2026-04-14T20:05:19.649125+00:00
2902b326-7c3f-40b6-9ebe-f76e5dc38c83,,market,market,TSLA,sell,354.356642,487,2026-04-14T20:05:19.649125+00:00
b6fd4aaa-7efb-4d1f-80e4-5398ae8bc8c6,,spoofer_003,spoofer,BINANCE:BTCUSDT,buy,66883.438508,318,2026-04-14T20:04:53.898038+00:00
b6fd4aaa-7efb-4d1f-80e4-5398ae8bc8c6,,market,market,BINANCE:BTCUSDT,sell,66883.438508,318,2026-04-14T20:04:53.898038+00:00
0995248a-7437-43a8-bc1d-22656104cf4e,,spoofer_003,spoofer,BINANCE:BTCUSDT,buy,66832.848751,318,2026-04-14T20:04:52.337642+00:00
0995248a-7437-43a8-bc1d-22656104cf4e,,market,market,BINANCE:BTCUSDT,sell,66832.848751,318,2026-04-14T20:04:52.337642+00:00
f87c5b88-17af-4aba-8381-6d78a803a8ff,,wash_002b,wash_trader,BINANCE:XRPUSDT,buy,1.333135,181,2026-04-14T20:04:52.338174+00:00
f87c5b88-17af-4aba-8381-6d78a803a8ff,,wash_002a,wash_trader,BINANCE:XRPUSDT,sell,1.333135,181,2026-04-14T20:04:52.338174+00:00
6444b7d2-a265-4ef9-a1b1-c9f4d3129de6,,wash_001b,wash_trader,TSLA,buy,354.085859,678,2026-04-14T20:04:04.659120+00:00
6444b7d2-a265-4ef9-a1b1-c9f4d3129de6,,wash_001a,wash_trader,TSLA,sell,354.085859,678,2026-04-14T20:04:04.659120+00:00
2da82e45-b862-4ba8-a901-dad77e5c4e23,,normal_014,normal,BINANCE:BTCUSDT,buy,66897.461812,366,2026-04-14T20:04:04.658611+00:00
2da82e45-b862-4ba8-a901-dad77e5c4e23,,market,market,BINANCE:BTCUSDT,sell,66897.461812,366,2026-04-14T20:04:04.658611+00:00
ef7d0cb8-cd88-4b87-9069-829a3737eba9,,wash_002a,wash_trader,BINANCE:XRPUSDT,buy,1.332636,177,2026-04-14T20:04:03.658873+00:00
ef7d0cb8-cd88-4b87-9069-829a3737eba9,,wash_002b,wash_trader,BINANCE:XRPUSDT,sell,1.332636,177,2026-04-14T20:04:03.658873+00:00
1f2c37da-8478-48f9-b953-2971bdee8504,,market,market,BINANCE:ETHUSDT,buy,2045.582234,604,2026-04-14T20:04:02.654781+00:00
1f2c37da-8478-48f9-b953-2971bdee8504,,normal_012,normal,BINANCE:ETHUSDT,sell,2045.582234,604,2026-04-14T20:04:02.654781+00:00
5ee2a873-9770-4529-b767-b11777fe987d,,normal_016,normal,AAPL,buy,246.26463,348,2026-04-14T20:04:00.647356+00:00
5ee2a873-9770-4529-b767-b11777fe987d,,market,market,AAPL,sell,246.26463,348,2026-04-14T20:04:00.647356+00:00
e979ae07-b57a-4b92-a785-999d3441b96e,,wash_002a,wash_trader,BINANCE:XRPUSDT,buy,1.333207,176,2026-04-14T20:04:00.648091+00:00
e979ae07-b57a-4b92-a785-999d3441b96e,,wash_002b,wash_trader,BINANCE:XRPUSDT,sell,1.333207,176,2026-04-14T20:04:00.648091+00:00
5f5fb4c7-8520-4445-9df4-27f8087d0db7,,wash_001a,wash_trader,TSLA,buy,354.301024,687,2026-04-14T20:03:59.646505+00:00
5f5fb4c7-8520-4445-9df4-27f8087d0db7,,wash_001b,wash_trader,TSLA,sell,354.301024,687,2026-04-14T20:03:59.646505+00:00
159baab7-cb8a-4e86-937b-80e2d694779a,,spoofer_001,spoofer,AAPL,buy,245.999906,480,2026-04-14T20:03:30.524990+00:00
159baab7-cb8a-4e86-937b-80e2d694779a,,market,market,AAPL,sell,245.999906,480,2026-04-14T20:03:30.524990+00:00
e598b040-ade5-438b-938c-445b9a7e52cb,,market,market,BINANCE:BTCUSDT,buy,66905.006322,216,2026-04-14T20:03:29.595422+00:00
e598b040-ade5-438b-938c-445b9a7e52cb,,normal_007,normal,BINANCE:BTCUSDT,sell,66905.006322,216,2026-04-14T20:03:29.595422+00:00
625b4fb9-1503-4747-9981-1620bbfcca59,,market,market,TSLA,buy,354.334212,487,2026-04-14T20:03:28.582865+00:00
625b4fb9-1503-4747-9981-1620bbfcca59,,spoofer_002,spoofer,TSLA,sell,354.334212,487,2026-04-14T20:03:28.582865+00:00
b22f3655-e6ca-419b-b615-eb8b5504bd9a,,spoofer_001,spoofer,AAPL,buy,245.79944,480,2026-04-14T20:03:27.916523+00:00
b22f3655-e6ca-419b-b615-eb8b5504bd9a,,market,market,AAPL,sell,245.79944,480,2026-04-14T20:03:27.916523+00:00
2380add2-e1b6-415f-a41f-c75f6c464588,,market,market,AAPL,buy,246.00587,480,2026-04-14T20:03:25.674516+00:00
2380add2-e1b6-415f-a41f-c75f6c464588,,spoofer_001,spoofer,AAPL,sell,246.00587,480,2026-04-14T20:03:25.674516+00:00
91f3bdb2-c16e-4215-a633-f5ba06c3b52b,,market,market,BINANCE:BTCUSDT,buy,66945.615251,318,2026-04-14T20:03:23.937595+00:00
91f3bdb2-c16e-4215-a633-f5ba06c3b52b,,spoofer_003,spoofer,BINANCE:BTCUSDT,sell,66945.615251,318,2026-04-14T20:03:23.937595+00:00
86c4a0bb-d3da-4df5-a8df-aba5141f729f,,normal_005,normal,AAPL,buy,246.423997,361,2026-04-14T20:03:19.936922+00:00
86c4a0bb-d3da-4df5-a8df-aba5141f729f,,market,market,AAPL,sell,246.423997,361,2026-04-14T20:03:19.936922+00:00
9cb192ee-c34f-45d4-a302-e69b9a6f853a,,market,market,AAPL,buy,246.061107,480,2026-04-14T20:02:34.411268+00:00
9cb192ee-c34f-45d4-a302-e69b9a6f853a,,spoofer_001,spoofer,AAPL,sell,246.061107,480,2026-04-14T20:02:34.411268+00:00
0ed9a96c-156c-4f01-83c3-e6d970e3caad,,spoofer_002,spoofer,TSLA,buy,354.49668,487,2026-04-14T20:02:30.145455+00:00
0ed9a96c-156c-4f01-83c3-e6d970e3caad,,market,market,TSLA,sell,354.49668,487,2026-04-14T20:02:30.145455+00:00
d9dbb9b9-23af-4f4f-8304-fcbaec17f75d,,market,market,BINANCE:BTCUSDT,buy,66831.554688,318,2026-04-14T20:02:29.283785+00:00
d9dbb9b9-23af-4f4f-8304-fcbaec17f75d,,spoofer_003,spoofer,BINANCE:BTCUSDT,sell,66831.554688,318,2026-04-14T20:02:29.283785+00:00
a896adbd-b668-4b04-9850-199de647d181,,market,market,BINANCE:XRPUSDT,buy,1.330736,58,2026-04-14T20:02:27.863481+00:00
a896adbd-b668-4b04-9850-199de647d181,,normal_006,normal,BINANCE:XRPUSDT,sell,1.330736,58,2026-04-14T20:02:27.863481+00:00
a83a7773-9c81-4148-8d5f-3f56dbf9d790,,wash_002b,wash_trader,BINANCE:XRPUSDT,buy,1.332979,174,2026-04-14T20:02:23.857368+00:00
a83a7773-9c81-4148-8d5f-3f56dbf9d790,,wash_002a,wash_trader,BINANCE:XRPUSDT,sell,1.332979,174,2026-04-14T20:02:23.857368+00:00
df698f5b-1a96-407f-9aa3-2ed1d03c0769,,market,market,BINANCE:BTCUSDT,buy,66920.91541,318,2026-04-14T20:02:22.852408+00:00
df698f5b-1a96-407f-9aa3-2ed1d03c0769,,spoofer_003,spoofer,BINANCE:BTCUSDT,sell,66920.91541,318,2026-04-14T20:02:22.852408+00:00
95d6dd75-905f-4fd5-aaef-c7189c206a0c,,spoofer_002,spoofer,TSLA,buy,354.474881,487,2026-04-14T20:02:21.107212+00:00
95d6dd75-905f-4fd5-aaef-c7189c206a0c,,market,market,TSLA,sell,354.474881,487,2026-04-14T20:02:21.107212+00:00
754aa760-5503-4e0c-9f8e-7ce48213cd01,,wash_001b,wash_trader,TSLA,buy,354.058363,681,2026-04-14T20:02:19.058313+00:00
754aa760-5503-4e0c-9f8e-7ce48213cd01,,wash_001a,wash_trader,TSLA,sell,354.058363,681,2026-04-14T20:02:19.058313+00:00
7f4c7f54-ffb3-46eb-84ed-2710b1ee99d4,,market,market,BINANCE:ETHUSDT,buy,2043.669706,557,2026-04-14T20:02:18.057178+00:00
7f4c7f54-ffb3-46eb-84ed-2710b1ee99d4,,normal_012,normal,BINANCE:ETHUSDT,sell,2043.669706,557,2026-04-14T20:02:18.057178+00:00
74924188-2448-437c-bef1-f6ec0b48ec1e,,normal_013,normal,BINANCE:XRPUSDT,buy,1.333971,145,2026-04-14T20:02:17.058609+00:00
74924188-2448-437c-bef1-f6ec0b48ec1e,,market,market,BINANCE:XRPUSDT,sell,1.333971,145,2026-04-14T20:02:17.058609+00:00
307676b9-ef81-43a9-b504-5b50e1c0f487,,wash_002a,wash_trader,BINANCE:XRPUSDT,buy,1.33244,174,2026-04-14T20:02:14.050297+00:00
307676b9-ef81-43a9-b504-5b50e1c0f487,,wash_002b,wash_trader,BINANCE:XRPUSDT,sell,1.33244,174,2026-04-14T20:02:14.050297+00:00
6873d631-f376-4f4b-b21f-a7b277f39405,,wash_002b,wash_trader,BINANCE:XRPUSDT,buy,1.333363,171,2026-04-14T20:02:13.049311+00:00
6873d631-f376-4f4b-b21f-a7b277f39405,,wash_002a,wash_trader,BINANCE:XRPUSDT,sell,1.333363,171,2026-04-14T20:02:13.049311+00:00
fa47d86f-bc03-43b7-b783-ed5238a98b6e,,wash_001b,wash_trader,TSLA,buy,354.18687,684,2026-04-14T20:02:12.046188+00:00
fa47d86f-bc03-43b7-b783-ed5238a98b6e,,wash_001a,wash_trader,TSLA,sell,354.18687,684,2026-04-14T20:02:12.046188+00:00
6f2552bb-1a15-4b12-a15e-82f2155b73bf,,normal_008,normal,TSLA,buy,354.665113,186,2026-04-14T20:02:10.040720+00:00
6f2552bb-1a15-4b12-a15e-82f2155b73bf,,market,market,TSLA,sell,354.665113,186,2026-04-14T20:02:10.040720+00:00
e491391f-179a-49e0-99b1-097858f6c4a8,,wash_002b,wash_trader,BINANCE:XRPUSDT,buy,1.332496,172,2026-04-14T20:01:04.035981+00:00
e491391f-179a-49e0-99b1-097858f6c4a8,,wash_002a,wash_trader,BINANCE:XRPUSDT,sell,1.332496,172,2026-04-14T20:01:04.035981+00:00
1c666b5b-6a33-4beb-a6ce-f3620be2caaa,,spoofer_003,spoofer,BINANCE:BTCUSDT,buy,66906.126903,318,2026-04-14T20:01:04.035199+00:00
1c666b5b-6a33-4beb-a6ce-f3620be2caaa,,market,market,BINANCE:BTCUSDT,sell,66906.126903,318,2026-04-14T20:01:04.035199+00:00
acb11d14-a7ca-483c-9109-c386a05c3a0a,,normal_015,normal,AAPL,buy,245.915165,106,2026-04-14T20:00:59.237412+00:00
acb11d14-a7ca-483c-9109-c386a05c3a0a,,market,market,AAPL,sell,245.915165,106,2026-04-14T20:00:59.237412+00:00
24ff627f-cf34-482b-a72d-02267ca5cebe,,spoofer_003,spoofer,BINANCE:BTCUSDT,buy,66881.358225,318,2026-04-14T20:00:57.224863+00:00
24ff627f-cf34-482b-a72d-02267ca5cebe,,market,market,BINANCE:BTCUSDT,sell,66881.358225,318,2026-04-14T20:00:57.224863+00:00
b1976e04-6917-42df-9c15-7e3acc1b2b71,,wash_002b,wash_trader,BINANCE:XRPUSDT,buy,1.333341,179,2026-04-14T20:00:53.819881+00:00
b1976e04-6917-42df-9c15-7e3acc1b2b71,,wash_002a,wash_trader,BINANCE:XRPUSDT,sell,1.333341,179,2026-04-14T20:00:53.819881+00:00
181ac7ab-2406-4bab-91df-ed296f4e5307,,market,market,BINANCE:ETHUSDT,buy,2038.624072,136,2026-04-14T20:00:52.817435+00:00
181ac7ab-2406-4bab-91df-ed296f4e5307,,normal_017,normal,BINANCE:ETHUSDT,sell,2038.624072,136,2026-04-14T20:00:52.817435+00:00
abe39575-c8ac-4892-9440-7f7f2de3a8f7,,market,market,BINANCE:ETHUSDT,buy,2042.498852,515,2026-04-14T20:00:52.817129+00:00
abe39575-c8ac-4892-9440-7f7f2de3a8f7,,normal_011,normal,BINANCE:ETHUSDT,sell,2042.498852,515,2026-04-14T20:00:52.817129+00:00
014007bf-91a2-43f7-aec1-6432f3c12b3f,,market,market,BINANCE:BTCUSDT,buy,66979.988246,274,2026-04-14T20:00:49.810721+00:00
014007bf-91a2-43f7-aec1-6432f3c12b3f,,normal_014,normal,BINANCE:BTCUSDT,sell,66979.988246,274,2026-04-14T20:00:49.810721+00:00
6f632c86-5274-4b1f-b131-c082f592f2c1,,market,market,TSLA,buy,353.881403,487,2026-04-14T20:00:48.413991+00:00
6f632c86-5274-4b1f-b131-c082f592f2c1,,spoofer_002,spoofer,TSLA,sell,353.881403,487,2026-04-14T20:00:48.413991+00:00
32d0cab5-3370-4134-a588-5332a620a4eb,,normal_001,normal,BINANCE:BTCUSDT,buy,66967.609314,78,2026-04-14T20:00:45.804319+00:00
32d0cab5-3370-4134-a588-5332a620a4eb,,market,market,BINANCE:BTCUSDT,sell,66967.609314,78,2026-04-14T20:00:45.804319+00:00
2ad6d654-9c41-4564-af64-51b49e217f82,,wash_002b,wash_trader,BINANCE:XRPUSDT,buy,1.332219,167,2026-04-14T20:00:39.700091+00:00
2ad6d654-9c41-4564-af64-51b49e217f82,,wash_002a,wash_trader,BINANCE:XRPUSDT,sell,1.332219,167,2026-04-14T20:00:39.700091+00:00
9a151991-6cd5-4b19-a4ea-6e329176ed48,,wash_001b,wash_trader,TSLA,buy,354.186323,686,2026-04-14T20:00:39.699468+00:00
9a151991-6cd5-4b19-a4ea-6e329176ed48,,wash_001a,wash_trader,TSLA,sell,354.186323,686,2026-04-14T20:00:39.699468+00:00
bad7d640-a57c-4b85-979d-fe144296ef56,,market,market,BINANCE:BTCUSDT,buy,66864.733483,89,2026-04-14T20:00:39.698977+00:00
bad7d640-a57c-4b85-979d-fe144296ef56,,normal_001,normal,BINANCE:BTCUSDT,sell,66864.733483,89,2026-04-14T20:00:39.698977+00:00
605477db-2e7f-443e-8a6c-a27aa7bfdbd3,,spoofer_003,spoofer,BINANCE:BTCUSDT,buy,66935.416868,318,2026-04-14T19:59:41.865555+00:00
605477db-2e7f-443e-8a6c-a27aa7bfdbd3,,market,market,BINANCE:BTCUSDT,sell,66935.416868,318,2026-04-14T19:59:41.865555+00:00
5959eec3-a872-4385-9177-4c44ad18c7ca,,market,market,AAPL,buy,246.189158,480,2026-04-14T19:59:39.346393+00:00
5959eec3-a872-4385-9177-4c44ad18c7ca,,spoofer_001,spoofer,AAPL,sell,246.189158,480,2026-04-14T19:59:39.346393+00:00
47a5fb61-9725-4249-af0e-d326d54a8543,,wash_002b,wash_trader,BINANCE:XRPUSDT,buy,1.333115,183,2026-04-14T19:59:36.700553+00:00
47a5fb61-9725-4249-af0e-d326d54a8543,,wash_002a,wash_trader,BINANCE:XRPUSDT,sell,1.333115,183,2026-04-14T19:59:36.700553+00:00
973f2b9b-8ef8-4839-8bca-30f46bc7ba56,,wash_002b,wash_trader,BINANCE:XRPUSDT,buy,1.332602,182,2026-04-14T19:59:32.696702+00:00
973f2b9b-8ef8-4839-8bca-30f46bc7ba56,,wash_002a,wash_trader,BINANCE:XRPUSDT,sell,1.332602,182,2026-04-14T19:59:32.696702+00:00
9bf8c14b-5e43-414d-84be-c4d4ead1bf40,,market,market,TSLA,buy,354.0459,209,2026-04-14T19:59:32.695546+00:00
9bf8c14b-5e43-414d-84be-c4d4ead1bf40,,normal_008,normal,TSLA,sell,354.0459,209,2026-04-14T19:59:32.695546+00:00
3bc93fec-92a6-4c26-845d-bfd8a720ebad,,normal_016,normal,AAPL,buy,245.922404,213,2026-04-14T19:59:32.696050+00:00
3bc93fec-92a6-4c26-845d-bfd8a720ebad,,market,market,AAPL,sell,245.922404,213,2026-04-14T19:59:32.696050+00:00
fff0e5c4-7207-434d-b5a7-47b6a00d0cde,,market,market,TSLA,buy,354.169485,233,2026-04-14T19:59:31.694286+00:00
fff0e5c4-7207-434d-b5a7-47b6a00d0cde,,normal_008,normal,TSLA,sell,354.169485,233,2026-04-14T19:59:31.694286+00:00
6947ee39-a01c-4bd5-a773-1628018d21a1,,market,market,BINANCE:ETHUSDT,buy,2039.316356,376,2026-04-14T19:59:30.694991+00:00
6947ee39-a01c-4bd5-a773-1628018d21a1,,normal_016,normal,BINANCE:ETHUSDT,sell,2039.316356,376,2026-04-14T19:59:30.694991+00:00
c88165c6-48e5-46a0-8634-44e297f81619,,market,market,BINANCE:BTCUSDT,buy,66951.901388,318,2026-04-14T19:59:27.680856+00:00
c88165c6-48e5-46a0-8634-44e297f81619,,spoofer_003,spoofer,BINANCE:BTCUSDT,sell,66951.901388,318,2026-04-14T19:59:27.680856+00:00
4e90d317-8f72-4a4d-bbc8-22987d442ec1,,wash_001a,wash_trader,TSLA,buy,354.310215,678,2026-04-14T19:59:27.681359+00:00
4e90d317-8f72-4a4d-bbc8-22987d442ec1,,wash_001b,wash_trader,TSLA,sell,354.310215,678,2026-04-14T19:59:27.681359+00:00
2db5b03c-2adb-42a5-8bdb-72530b4a213c,,market,market,AAPL,buy,246.170603,480,2026-04-14T19:59:25.976235+00:00
2db5b03c-2adb-42a5-8bdb-72530b4a213c,,spoofer_001,spoofer,AAPL,sell,246.170603,480,2026-04-14T19:59:25.976235+00:00
47cfd1f5-c8da-4e29-9a84-080a7b149339,,spoofer_001,spoofer,AAPL,buy,246.024897,480,2026-04-14T19:59:22.225032+00:00
47cfd1f5-c8da-4e29-9a84-080a7b149339,,market,market,AAPL,sell,246.024897,480,2026-04-14T19:59:22.225032+00:00
538e9ffb-a1ed-4efd-ad87-422fa54e0af6,,wash_002b,wash_trader,BINANCE:XRPUSDT,buy,1.333004,175,2026-04-14T19:59:19.242754+00:00
538e9ffb-a1ed-4efd-ad87-422fa54e0af6,,wash_002a,wash_trader,BINANCE:XRPUSDT,sell,1.333004,175,2026-04-14T19:59:19.242754+00:00
15296c0c-fd92-4c17-bcfa-f30a69207000,,wash_002b,wash_trader,BINANCE:XRPUSDT,buy,1.332942,173,2026-04-14T19:59:18.100668+00:00
15296c0c-fd92-4c17-bcfa-f30a69207000,,wash_002a,wash_trader,BINANCE:XRPUSDT,sell,1.332942,173,2026-04-14T19:59:18.100668+00:00
a3e785d9-0e72-484e-8854-4abd07082b48,,wash_001a,wash_trader,TSLA,buy,354.288106,684,2026-04-14T19:59:18.098551+00:00
a3e785d9-0e72-484e-8854-4abd07082b48,,wash_001b,wash_trader,TSLA,sell,354.288106,684,2026-04-14T19:59:18.098551+00:00
52c8df3d-f829-4de1-ab0b-5087b00ee0bf,,spoofer_002,spoofer,TSLA,buy,353.940177,487,2026-04-14T19:59:18.094032+00:00
52c8df3d-f829-4de1-ab0b-5087b00ee0bf,,market,market,TSLA,sell,353.940177,487,2026-04-14T19:59:18.094032+00:00
bc61d506-2c63-4bb3-aa3d-847f0d475253,,spoofer_003,spoofer,BINANCE:BTCUSDT,buy,66899.771507,318,2026-04-14T19:59:14.226950+00:00
bc61d506-2c63-4bb3-aa3d-847f0d475253,,market,market,BINANCE:BTCUSDT,sell,66899.771507,318,2026-04-14T19:59:14.226950+00:00
0abb6dd4-be6b-4abf-aa3a-ed23529e1aad,,market,market,BINANCE:BTCUSDT,buy,66874.291314,282,2026-04-14T19:59:10.213695+00:00
0abb6dd4-be6b-4abf-aa3a-ed23529e1aad,,normal_014,normal,BINANCE:BTCUSDT,sell,66874.291314,282,2026-04-14T19:59:10.213695+00:00
0b066473-58cb-4d0f-9606-2bfc4dd352dc,,wash_002a,wash_trader,BINANCE:XRPUSDT,buy,1.332341,180,2026-04-14T19:59:10.213824+00:00
0b066473-58cb-4d0f-9606-2bfc4dd352dc,,wash_002b,wash_trader,BINANCE:XRPUSDT,sell,1.332341,180,2026-04-14T19:59:10.213824+00:00
2f87e13d-a430-45ee-9c93-7dd78ad4fc18,,wash_001b,wash_trader,TSLA,buy,354.106832,676,2026-04-14T19:59:08.206955+00:00
2f87e13d-a430-45ee-9c93-7dd78ad4fc18,,wash_001a,wash_trader,TSLA,sell,354.106832,676,2026-04-14T19:59:08.206955+00:00
05d963ae-e79a-4f79-8300-37d63dbdaeaf,,wash_001a,wash_trader,TSLA,buy,354.37586,678,2026-04-14T19:59:08.202749+00:00
05d963ae-e79a-4f79-8300-37d63dbdaeaf,,wash_001b,wash_trader,TSLA,sell,354.37586,678,2026-04-14T19:59:08.202749+00:00
767a9422-4166-432d-8abc-ce476f793937,,market,market,TSLA,buy,354.333698,487,2026-04-14T19:59:08.202094+00:00
767a9422-4166-432d-8abc-ce476f793937,,spoofer_002,spoofer,TSLA,sell,354.333698,487,2026-04-14T19:59:08.202094+00:00
e29b1c0d-5962-4d5f-9d1c-0fd5a3ecd285,,normal_013,normal,BINANCE:XRPUSDT,buy,1.332524,140,2026-04-14T19:59:07.144789+00:00
e29b1c0d-5962-4d5f-9d1c-0fd5a3ecd285,,market,market,BINANCE:XRPUSDT,sell,1.332524,140,2026-04-14T19:59:07.144789+00:00
77962904-ee94-4c59-b0a2-3aabe9a1d58e,,normal_010,normal,TSLA,buy,354.514901,532,2026-04-14T19:59:07.144440+00:00
77962904-ee94-4c59-b0a2-3aabe9a1d58e,,market,market,TSLA,sell,354.514901,532,2026-04-14T19:59:07.144440+00:00
f100cdd4-5347-4281-ad06-5a4b2c09e2d7,,spoofer_002,spoofer,TSLA,buy,354.532691,487,2026-04-14T19:59:06.066822+00:00
f100cdd4-5347-4281-ad06-5a4b2c09e2d7,,market,market,TSLA,sell,354.532691,487,2026-04-14T19:59:06.066822+00:00
cb489dcb-d907-45de-96bb-532e983d801b,,spoofer_002,spoofer,TSLA,buy,354.382295,487,2026-04-14T19:59:04.133820+00:00
cb489dcb-d907-45de-96bb-532e983d801b,,market,market,TSLA,sell,354.382295,487,2026-04-14T19:59:04.133820+00:00
927853a9-45e9-4c7d-b35c-6cb000574847,,market,market,BINANCE:BTCUSDT,buy,66935.985084,318,2026-04-14T19:59:02.068241+00:00
927853a9-45e9-4c7d-b35c-6cb000574847,,spoofer_003,spoofer,BINANCE:BTCUSDT,sell,66935.985084,318,2026-04-14T19:59:02.068241+00:00
0b30c5b8-5f87-4d55-899f-61b1bf219575,,wash_001a,wash_trader,TSLA,buy,354.37098,679,2026-04-14T19:58:58.651069+00:00
0b30c5b8-5f87-4d55-899f-61b1bf219575,,wash_001b,wash_trader,TSLA,sell,354.37098,679,2026-04-14T19:58:58.651069+00:00
1d96dacb-5c46-4284-9750-6f76a815995d,,wash_002a,wash_trader,BINANCE:XRPUSDT,buy,1.332429,192,2026-04-14T19:58:57.638940+00:00
1d96dacb-5c46-4284-9750-6f76a815995d,,wash_002b,wash_trader,BINANCE:XRPUSDT,sell,1.332429,192,2026-04-14T19:58:57.638940+00:00
4e5f498c-29b8-4c4d-b4c1-742ac1c9baf4,,spoofer_003,spoofer,BINANCE:BTCUSDT,buy,66907.500141,318,2026-04-14T19:58:57.638814+00:00
